4650 5882
1199 647 1251 722 22

1123 742 1324 762 —u—

372 875 409 917 re
426 857 542 916 noodr
561 851 701 916 addicar
718 853 821 934 potius
839 849 1139 931 altpmiladmcrmr
1159 871 1236 932 erga
1257 850 1457 924 tertudr'um
1481 851 1646 933 lippam,
1664 855 1684 914 1
1702 860 1828 918 tutu
1844 853 1960 934 idac,
1981 857 2078 918 m

373 973 530 1052 egregrirm
549 991 609 1032 csse
630 971 824 1052 l’orrrpejrem,⁰
853 969 930 1050 Epp.
950 971 982 1045 1,
1004 971 1052 1043 10,
1074 972 1088 1031 1
1112 967 1212 1048 Atprrc
1231 970 1276 1032 sei:
1294 965 1409 1044 tabem
1430 969 1553 1032 nuum
1573 991 1624 1032 mc
1642 973 1802 1051 epritolurr
1823 975 1970 1053 acceptius
1986 983 2076 1036 tuom

369 1095 440 1171 port
459 1089 584 1150 corns'trir
603 1089 663 1148 ritu
677 1088 861 1168 praeclarae
888 1087 1119 1168 Epp.16,t‚t
1142 1089 1187 1150 ric
1204 1085 1322 1162 iubeto,
1341 1088 1494 1148 meru
1515 1109 1582 1152 cere.
1620 1089 1729 1152 Rarius
1751 1101 1797 1154 eet
1818 1099 1902 1152 erm
1922 1091 2076 1172 epistulis,

374 1207 428 1270 sed
449 1213 547 1270 umen
570 1205 640 1268 item
659 1207 691 1268 in
711 1223 860 1281 sumone,
879 1223 940 1268 non
961 1205 992 1266 iu
1011 1204 1157 1282 oratioue,
1182 1211 1217 1266 ut
1236 1204 1274 1266 de
1295 1202 1414 1284 republ.
1430 1207 1459 1281 6,
1475 1207 1515 1268 11
1538 1213 1574 1266 tu
1591 1225 1662 1268 cero
1680 1241 1721 1256 -·
1742 1209 1787 1269 sic
1802 1204 1917 1284 laiac,
1936 1228 2002 1270 nou
2015 1227 2077 1270 eree

374 1325 596 1402 amorim,
623 1321 905 1404 redemtor,-
934 1321 1116 1398 ibidem
1144 1319 1329 1398 u'chabeto,
1356 1320 2075 1388 camelus-mmmmm

374 1443 407 1506 lu
433 1441 570 1526 personis
595 1460 656 1505 uon
684 1441 804 1504 invenio
833 1439 873 1502 ite
898 1437 1083 1520 usurparis
1109 1437 1269 1514 Cicerone,
1296 1438 1355 1502 nisi
1373 1439 1501 1504 rddutm
1528 1441 1576 1504 vel
1602 1440 1783 1519 sumum
1811 1441 1860 1504 vel
1888 1441 2075 1508 adverbium.

373 1561 523 1624 Nimirum
550 1579 619 1622 oum
643 1557 753 1622 hebere
781 1559 821 1622 eit
845 1557 1004 1640 possidere
1030 1555 1124 1639 quusi,
1153 1559 1184 1620 iu
1208 1562 1358 1638 potestate
1379 1557 1573 1637 sorbebere,
1600 1557 1793 1640 intelligimus
1813 1559 1901 1624 tecile
1921 1579 2015 1640 posse
2037 1561 2076 1624 de

374 1677 544 1742 horninibus
563 1676 632 1755 dici,
661 1695 738 1760 quos
765 1695 834 1740 oum
863 1674 1066 1740 existimemus
1086 1693 1154 1738 esse
1180 1674 1287 1752 bonos,
1318 1676 1399 1757 apud
1419 1693 1478 1739 nos
1498 1677 1584 1758 qussi
1609 1676 1629 1738 i.
1651 1697 1679 1741 e.
1702 1677 1733 1740 iu
1754 1677 1854 1740 estimo
1875 1687 1982 1742 nostro
2003 1679 2077 1742 dun

373 1795 455 1858 bono
476 1793 547 1858 loco
568 1795 716 1875 ponimus,
748 1792 778 1856 in
798 1797 946 1876 potestate
966 1797 1071 1854 nostm
1089 1799 1225 1856 tenemus
1246 1799 1330 1856 certe
1348 1811 1455 1855 eorum
1476 1793 1647 1858 bouiuteu.
1689 1796 1823 1878 Itemque
1843 1815 1912 1857 cum
1930 1815 2074 1860 vexemus

373 1911 510 1996 aliquem,
530 1931 598 1976 eum
620 1913 689 1996 quie
707 1930 832 1975 necesse
853 1919 899 1973 est
918 1929 955 1972 ex
975 1909 1075 1992 ulique
1094 1917 1180 1990 perte
1199 1911 1239 1973 sit
1260 1909 1290 1972 iu
1307 1917 1457 1991 potestate
1475 1917 1588 1988 nostro,
1609 1919 1692 1976 recte
1711 1909 1839 1978 dicimur
1857 1914 1941 1976 mato
1958 1912 2076 1978 talne.

373 2031 444 2094 lnde
461 2031 590 2094 mrucrit
605 2035 762 2111 poiterum
783 2035 814 2091 et
834 2027 1020 2090 comicorum
1041 2037 1071 2092 et
1089 2027 1274 2092 ereticorum
1290 2047 1375 2104 usus,
1396 2029 1448 2112 qni
1463 2029 1568 2092 heberi
1585 2029 1689 2092 dicunt
1706 2051 1784 2108 eum,
1804 2030 1856 2113 qni
1875 2039 1963 2108 umet,
1983 2032 2023 2094 ub
2037 2051 2075 2096 eo

374 2149 425 2232 qui
446 2151 613 2230 rmetnr').
654 2147 752 2211 Aliter
772 2165 834 2210 nou
856 2164 1018 2226 pomumus
1038 2143 1146 2206 hodae
1164 2145 1324 2222 hominene,
1347 2147 1406 2210 nisi
1423 2149 1501 2210 torte
1522 2148 1562 2211 sit
1582 2165 1696 2210 servus
1738 2149 1781 2212 At
1798 2149 1937 2226 Mesala,
1954 2150 2075 2229 juvenis

372 2265 576 2330 nobilissimus
590 2263 629 2344 ⁸),
653 2283 841 2347 nequaquem
859 2263 885 2326 ie
904 2270 975 2340 eret,
998 2263 1049 2345 qui
1070 2273 1174 2345 posset
1194 2261 1307 2326 habai
1350 2268 1452 2346 Quare
1471 2273 1502 2328 et
1520 2265 1772 2328 contumeliosum
1792 2275 1857 2330 eret
1877 2267 1978 2330 dicere
1996 2269 2076 2330 iles-

372 2386 464 2447 sulrm
487 2383 588 2447 heberi
608 2402 626 2444 n
644 2383 749 2458 Bruto,
770 2399 827 2443 uec
847 2381 873 2444 is
894 2381 947 2463 qui
968 2380 1090 2462 scripsit
1108 2381 1186 2442 hunc
1205 2381 1372 2463 epistolem,
1394 2381 1426 2443 id
1443 2382 1548 2460 voluit,
1570 2384 1625 2446 sed
1646 2384 1705 2444 hoc
1726 2383 1819 2446 modo
1838 2384 1970 2448 dicent:
1996 2387 2075 2448 liler-

372 2501 463 2564 srlem
482 2519 550 2564 esse
571 2519 639 2562 cum
661 2501 766 2562 Bruto.
809 2503 1006 2581 Quemquam,
1031 2504 1066 2560 ut
1083 2497 1172 2560 etium
1194 2497 1233 2560 dc
1254 2499 1346 2562 rebus
1366 2498 1448 2579 ipsis,
1470 2521 1548 2582 quse
1568 2507 1734 2577 tremuntur,
1759 2501 1900 2582 quonism
1921 2503 1953 2564 id
1973 2502 2075 2584 defugi

371 2635 434 2680 uon
462 2623 570 2697 potest,
600 2616 712 2701 eliquid
733 2617 761 2679 h.
780 2615 802 2681 l.
825 2617 967 2694 dicantus,
995 2616 1157 2678 videndum
1184 2623 1237 2693 cst,
1264 2635 1303 2678 ue
1332 2618 1443 2680 Cicero
1472 2619 1594 2682 omuino
1626 2639 1689 2682 uon
1717 2618 1851 2700 potuerit
1877 2637 2074 2698 cognoscere,

371 2733 528 2798 Messalam
550 2735 719 2816 proiectum
741 2753 809 2798 esse
832 2735 871 2796 ud
892 2733 1080 2797 Ciceronem.
1121 2733 1238 2796 Etenim
1260 2735 1416 2814 Appisuus
1438 2733 1509 2799 bell
1530 2737 1587 2800 civ.
1607 2739 1637 2815 l,
1658 2739 1700 2804 38
1722 2737 1753 2798 in
1772 2735 1947 2798 enumuudis
1965 2736 2074 2800 civium

370 2853 610 2934 proscriptorum
631 2852 698 2916 ictis
719 2853 793 2915 hoec
811 2851 900 2914 hebet
916 2853 954 2916 de
967 2851 1110 2914 Messeis:
1128 2848 1295 2920 lllroociiuc
1314 2851 1359 2927 di,
1381 2849 1530 2936 ἐπιφανὴς
1548 2853 1601 2918 καὶ
1612 2853 1642 2933 ⁵)
1659 2853 1738 2929 νέος,
1761 2851 1793 2922 ἃς
1809 2849 1946 2937 Βροῦτον
1966 2850 2072 2938 ἔφυγε,

369 2969 450 3032 undo
471 2977 552 3033 certe
576 2977 676 3050 potest
699 2969 809 3050 colligi,
832 2989 899 3031 enm
921 2969 968 3031 vel
990 2975 1061 3051 post
1080 2971 1334 3051 proscriptionem
1356 2969 1484 3046 demum,
1503 2976 1537 3032 ut
1558 2977 1686 3033 mortem
1705 2971 1862 3032 instantem
1886 2972 2001 3047 vitaret,
2023 2971 2072 3033 vel

369 3085 462 3170 peulo
485 3099 560 3163 rute,
584 3107 651 3150 crim
671 3087 886 3150 triumvirorum
905 3087 1100 3150 constitutum
1121 3105 1188 3151 esse
1209 3087 1340 3153 audisset
1362 3088 1613 3169 dominorumque
1633 3105 1781 3149 uovorum
1801 3086 1966 3168 potentium
1986 3106 2072 3150 vere-

369 3211 461 3282 retur,
482 3203 519 3266 rd
541 3206 668 3267 Brutum
688 3205 856 3285 proiectum
880 3223 954 3266 esse.
991 3203 1088 3266 Acten
1108 3205 1187 3268 enim
1198 3207 1312 3268 Romae
1333 3204 1437 3284 iuerat,
1460 3225 1521 3288 quo
1535 3222 1637 3266 meuse
1653 3203 1778 3286 Quintili
1795 3205 1865 3268 anui
1881 3206 1932 3266 11.
1946 3206 2070 3268 Atlrculs

370 3328 540 3386 reverteret.
584 3323 661 3386 Vide
682 3321 746 3386 Cic.
770 3321 809 3384 ed
832 3323 892 3385 litt.
911 3323 958 3398 15,
980 3325 1027 3400 17,
1048 3325 1076 3388 1.
1120 3326 1205 3402 Ques
1236 3343 1304 3385 cum
1334 3323 1375 3384 in
1399 3323 1466 3398 sint,
1496 3341 1553 3384 nec
1572 3321 1663 3384 nme
1684 3321 1757 3385 sctis
1780 3343 1848 3385 eum
1867 3323 1988 3386 norim
2011 3323 2073 3386 exi·

369 3439 466 3520 stimo,
491 3441 541 3523 qui
563 3442 637 3504 huec
661 3439 789 3520 scripsit,
814 3447 844 3502 et
864 3441 894 3502 in
916 3440 1007 3502 rebus
1027 3441 1185 3504 manifesto
1206 3459 1332 3505 errasse.

494 3559 656 3640 Pergamus
687 3558 725 3620 sd
753 3579 789 3621 ea
816 3577 893 3642 quse
921 3565 1095 3641 sequuntur,
1125 3577 1202 3641 quse
1230 3565 1300 3620 sunt
1324 3559 1411 3622 hoec:
1443 3554 1558 3628 Qnriim
1582 3557 1681 3636 egitur
1705 3557 1817 3619 litori
1839 3566 1905 3620 tarn
1925 3564 2070 3620 remote

367 3677 488 3756 rm'piir
507 3679 629 3758 orrcpoc'
642 3695 772 3756 mmmm,
791 3673 933 3738 adalim
950 3683 989 3737 ut
1001 3677 1156 3756 explicem,
1178 3695 1255 3756 quac
1271 3683 1426 3756 gerantur
1446 3693 1580 3756 peraeque
1598 3676 1663 3736 rint
1684 3677 1719 3736 in
1738 3673 1903 3754 republica,
1930 3695 2023 3754 prtem
2043 3675 2069 3736 ἡ

335 3871 337 3880 A
369 3789 426 3854 titt
439 3799 578 3872 reponet,
596 3795 652 3872 poi
667 3800 697 3854 ct
718 3795 829 3874 optrinc
848 3795 953 3856 omnio
975 3795 1110 3856 noviter
1129 3795 1348 3874 elegantissime
1369 3793 1510 3874 expedite
1529 3799 1560 3852 et
1577 3791 1698 3873 deferre
1718 3791 1764 3852 od
1780 3799 1809 3853 te
1822 3797 1930 3870 potest,
1953 3792 1983 3853 in
2004 3790 2069 3874 qui-

368 3907 425 3972 bus
446 3909 585 3991 equidem
606 3909 699 3974 multe
720 3909 788 3972 ionii
807 3909 1018 3974 declamatoris
1035 3910 1145 3974 indicis
1163 3911 1261 3973 inesse
1275 3911 1390 3990 judico,
1412 3909 1571 3974 Ciceronis
1593 3911 1611 3974 i,
1625 3930 1653 3971 e.
1670 3909 1775 3991 optimi
1791 3907 1960 3988 scriptoris,
1980 3927 2070 3990 quem

368 4043 429 4088 uon
450 4027 546 4090 dicem
567 4027 704 4106 latinitas,
727 4027 780 4090 sed
795 4029 923 4092 fortusse
939 4035 1003 4090 tots
1024 4029 1180 4110 antiquitus
1200 4029 1313 4104 tulerit,
1334 4028 1458 4090 nullum.
1502 4027 1632 4088 Primum
1647 4027 1727 4090 enim
1748 4025 1910 4107 oportebit
1931 4033 2069 4088 essesut

370 4141 477 4224 qualus
501 4145 612 4209 litteris
631 4147 750 4228 assequi
764 4166 895 4227 porrum,
917 4143 1059 4208 culm'hicr
1077 4153 1113 4208 ut
1133 4147 1277 4228 explicem
1297 4153 1348 4209 eut
1369 4166 1445 4227 prcus
1463 4145 1582 4208 litteras
1602 4153 1666 4206 tam
1685 4151 1830 4206 ocmcrate
1852 4141 1980 4206 renim
1998 4163 2069 4224 pot·

517 4447 540 4516 1)
562 4451 654 4516 ltaque
674 4451 700 4501 ln
719 4451 781 4516 joco
800 4456 913 4518 usurpet
930 4451 1023 4504 Cicero
1041 4447 1204 4532 Epp.il,26‚
1221 4447 1246 4515 1,
1264 4453 1324 4516 ipso
1342 4453 1429 4502 tumen
1450 4451 1491 4500 illo
1509 4453 1568 4502 loco
1582 4449 1743 4514 significuus,
1765 4463 1825 4501 eum
1845 4452 1928 4516 magis
1945 4451 2065 4499 Graeco-

367 4555 426 4594 titm
443 4555 521 4594 usum
541 4555 607 4606 esse,
628 4557 708 4608 quern
728 4541 845 4594 latinum.
881 4543 960 4596 Addit
980 4541 1065 4596 euim:
1091 4543 1186 4595 Graeci
1203 4541 1251 4594 loc
1269 4540 1372 4593 melius:
1400 4549 1435 4604 tu,
1455 4543 1478 4593 ri
1495 4541 1571 4608 uoles,
1591 4539 1796 4608 interpretabere.

515 4653 540 4723 1)
567 4659 615 4720 Qut
642 4663 756 4725 qunotee
784 4659 863 4711 luerit
888 4661 1063 4722 motorium,
1091 4660 1167 4713 leoile
1194 4661 1357 4727 perspicitur
1380 4673 1411 4710 ex
1432 4661 1474 4722 its,
1502 4675 1571 4725 quse
1592 4662 1682 4709 narret
1703 4661 1813 4724 Appisn.
1833 4658 1891 4709 hell.
1914 4655 1963 4707 civ.
1982 4652 2005 4712 l,
2022 4651 2064 4707 38.

364 4749 449 4816 itque
470 4753 527 4804 oret
543 4753 637 4818 postes
655 4753 726 4804 idom
744 4765 759 4802 e
778 4749 860 4802 Bruto
880 4757 907 4802 et
928 4753 1020 4806 cursio
1039 4755 1177 4819 prosimus
1198 4755 1224 4804 tn
1244 4753 1364 4817 imperto.
1396 4753 1464 4804 vide
1481 4755 1569 4818 Vellet.
1586 4747 1610 4812 1,
1628 4749 1668 4802 71.

512 4869 537 4937 3)
556 4869 655 4924 Abesse
675 4871 782 4936 oportet
800 4869 960 4934 perticulam
977 4869 1031 4934 sot,
1052 4873 1083 4923 ut
1100 4872 1135 4923 sit
1155 4868 1281 4942 ἐπιφανὴς
1301 4868 1359 4928 νέος
1378 4870 1395 4922 l.
1414 4883 1436 4922 e.
1449 4869 1552 4936 jmco
1571 4865 1687 4920 illustris.
