4650 5882
1113 645 1157 718 11

410 845 515 908 Altero
543 852 641 908 autem
667 843 739 906 ioco
767 843 963 908 memorabile
989 863 1115 925 prorsus
1137 850 1197 919 est,
1223 862 1285 924 quo
1307 842 1405 906 fallaci
1428 842 1554 924 quadarn
1576 839 1803 902 ratiocinatione
1822 839 1986 919 abripiatur

286 965 480 1026 liermannos.
521 963 603 1026 Haec
625 961 781 1042 leguntur:
818 964 871 1039 Te,
899 962 1010 1039 Cicero,
1037 980 1112 1044 rogo
1138 970 1230 1040 atque
1252 961 1366 1036 tortor,
1390 961 1450 1040 (ut)
1475 977 1590 1037 semper
1610 959 1645 1018 in
1663 955 1876 1036 praesentibus
1895 957 1987 1018 mdis

279 1078 482 1162 prohibendis,
502 1082 627 1163 futura
651 1099 775 1160 preoqree,
802 1080 867 1140 nisi
887 1087 960 1141 unte
977 1082 1021 1142 rit
1039 1098 1206 1156 comeum,
1233 1080 1378 1158 explores,
1406 1097 1445 1136 ne
1469 1097 1498 1136 re
1524 1077 1691 1151 insinuent,
1722 1075 1753 1134 iu
1775 1074 1883 1156 quibus
1904 1083 1986 1136 recte

281 1197 476 1262 Marklandus
497 1197 615 1279 negavit
631 1197 754 1260 latinum
777 1215 844 1258 esse
865 1200 1042 1277 praesentiis
1060 1197 1145 1258 maa
1161 1193 1330 1275 pretabere,
1354 1214 1422 1256 oum
1444 1193 1475 1255 id
1496 1192 1587 1254 modc
1607 1191 1705 1272 possit
1727 1191 1881 1272 prohiberi
1903 1194 1986 1273 quod

281 1335 350 1378 cum
364 1315 475 1396 procul
491 1315 538 1392 sit,
558 1315 705 1378 adventet
732 1313 775 1376 ht
790 1314 977 1376 Hermannus
997 1314 1196 1375 inteuotlum
1213 1312 1302 1388 illud,
1322 1312 1418 1395 inquit
1436 1332 1466 1392 p.
1479 1312 1530 1386 28,
1551 1330 1612 1393 quo
1632 1309 1704 1392 quid
1721 1309 1831 1389 procul
1851 1309 1985 1388 liabetur,

281 1433 396 1514 duplex
416 1453 474 1494 esse
487 1439 588 1512 potest
608 1439 668 1494 aar
686 1433 748 1494 laci
766 1437 825 1492 aar
842 1433 992 1511 temporis,
1015 1437 1196 1508 tantumque
1213 1427 1296 1490 abest
1315 1437 1353 1490 at
1370 1450 1448 1510 quoe
1466 1450 1486 1489 a
1506 1427 1591 1490 nobis
1608 1425 1831 1509 prohibeamus,
1853 1434 1990 1506 ternpore¹

275 1551 398 1630 pentec
417 1570 455 1612 ac
478 1552 542 1612 loco
560 1549 675 1611 drbtare
695 1567 810 1612 necesse
828 1550 876 1624 sit,
899 1555 938 1610 ut
948 1549 1098 1628 pleraque
1117 1566 1231 1625 eorum,
1253 1567 1383 1627 qaorum
1403 1549 1465 1608 uim
1483 1547 1599 1626 procul
1616 1565 1720 1606 arcere
1743 1563 1898 1620 operemur,
1917 1565 1982 1606 aaa

281 1668 415 1746 cogitata
438 1675 562 1730 tantum
583 1666 638 1728 sed
657 1686 732 1730 mu
752 1686 791 1727 ac
807 1667 879 1728 uiua
900 1665 1023 1744 oderim
1051 1665 1134 1745 quod
1156 1667 1186 1726 si
1208 1666 1275 1745 e'pm
1291 1664 1485 1745 futurorum
1515 1665 1661 1742 oppositio
1688 1662 1779 1739 docet,
1807 1665 1983 1742 praesentio

280 1783 364 1846 mah
385 1784 422 1846 de
441 1793 573 1865 tempore
592 1782 794 1866 intelligenda
807 1802 876 1857 esse,
896 1803 936 1844 ae
954 1781 1072 1864 ambrpa'
1089 1783 1309 1864 quitantiam,
1331 1783 1406 1863 quin
1425 1779 1582 1862 probibere
1603 1780 1648 1840 ad
1666 1780 1766 1840 locum
1785 1787 1902 1859 spectet,
1925 1803 1983 1862 qao

280 1899 383 1964 Cicero
403 1923 441 1964 ea
461 1903 548 1964 uelut
562 1922 583 1964 a
603 1921 726 1982 corpore
746 1900 930 1983 respublicae
945 1903 1060 1982 procul
1074 1899 1193 1963 habeat.
1236 1903 1336 1963 Docet
1356 1900 1447 1980 igitur
1465 1898 1607 1979 singulari
1628 1898 1686 1960 hoc
1706 1897 1840 1974 artificio,
1861 1899 1984 1962 Cicero-

278 2035 349 2080 nem
369 2019 535 2096 admoneri,
561 2026 594 2081 ut
615 2020 756 2100 pericula,
786 2039 863 2101 quae
887 2019 1016 2082 tortasse
1038 2020 1070 2080 in
1090 2017 1188 2081 Gallia
1215 2027 1266 2081 aut
1291 2020 1321 2080 in
1343 2016 1487 2097 Hispania
1515 2016 1582 2094 sint,
1611 2020 1712 2078 arceat
1738 2014 1776 2076 ab
1804 2014 1879 2077 urbe
1903 2016 1982 2096 ipsa!

279 2135 373 2216 Quod
393 2136 461 2218 quis
484 2136 606 2201 credat?
635 2137 800 2218 Argumtur
819 2136 898 2200 enim
917 2138 1121 2212 Hermannus,
1140 2157 1208 2199 cum
1225 2135 1369 2216 temporis
1391 2143 1421 2198 et
1440 2135 1502 2198 loci
1522 2132 1710 2196 intervalium
1731 2133 1888 2209 disceruit:
1914 2154 1983 2198 raam

281 2253 365 2334 quod
387 2253 459 2316 loco
483 2253 580 2330 distat
604 2255 682 2316 idem
708 2253 798 2318 distat
823 2261 973 2334 tempore:
1004 2274 1104 2337 quare,
1131 2256 1189 2317 nisi
1217 2254 1290 2338 quid
1317 2253 1454 2328 addatur,
1482 2252 1561 2314 uude
1588 2258 1640 2314 aut
1666 2250 1738 2314 loco
1768 2258 1820 2314 aut
1847 2259 1982 2332 tempore

282 2369 381 2444 distet,
410 2371 518 2434 maium
536 2391 678 2452 praesens
697 2381 751 2450 est,
779 2373 862 2455 quod
880 2381 910 2435 et
929 2372 1001 2436 loco
1019 2379 1050 2434 et
1068 2380 1204 2453 tempore
1226 2372 1318 2448 adest,
1347 2371 1428 2453 quod
1449 2389 1511 2432 non
1531 2375 1632 2449 potest
1652 2369 1804 2450 prohiberi
1826 2371 1845 2432 i.
1865 2391 1890 2434 e.
1911 2391 1983 2450 pro-

282 2486 331 2548 cul
353 2487 460 2550 haberi.

402 2605 501 2687 Atque
524 2608 598 2670 haec
621 2606 742 2688 quidem
766 2607 886 2669 fuerunt
910 2607 940 2668 in
962 2606 1090 2686 epistola
1110 2606 1180 2668 libri
1203 2607 1291 2687 primi
1310 2606 1425 2668 decima
1439 2613 1533 2680 sextu,
1552 2617 1629 2685 quae
1648 2625 1717 2666 cunr
1732 2605 1908 2668 hlarklando
1930 2608 1982 2668 im-

276 2721 381 2800 primis
399 2723 553 2786 materiem
573 2723 762 2808 vituperandi
783 2724 922 2799 dedisset,
947 2729 1054 2805 partim
1076 2734 1157 2788 recte
1188 2726 1296 2805 partim
1325 2743 1386 2786 non
1415 2728 1497 2786 recte
1522 2723 1645 2784 detensa
1671 2729 1717 2783 est
1743 2724 1781 2786 ab
1801 2725 1981 2788 Hermanno.

275 2838 497 2921 Persequamar
513 2841 577 2918 jam
589 2859 658 2902 eum
674 2839 803 2924 reliquas
814 2843 900 2904 Bruti
911 2842 1054 2923 epistolas
1065 2851 1241 2924 purgantem
1257 2851 1287 2906 et
1303 2850 1432 2905 tuentem
1448 2844 1486 2921 ¹).
1516 2842 1549 2902 ln
1570 2840 1734 2919 septima
1755 2841 1882 2920 epistola
1900 2845 1981 2922 qucd

278 3009 476 3024 -u—

428 3112 452 3176 1)
471 3114 563 3164 Dicam
584 3115 664 3164 etiam
685 3113 719 3164 de
737 3113 787 3164 elio
808 3114 875 3176 loco,
902 3117 926 3164 in
944 3129 997 3179 quo
1016 3129 1077 3166 cum
1099 3115 1181 3166 rerba
1202 3117 1309 3180 intelligi
1329 3129 1409 3179 posse
1432 3115 1554 3166 docrrerit
1573 3113 1740 3165 Hermannus
1759 3127 1786 3176 p.
1804 3109 1845 3174 31,
1866 3118 1979 3166 senion-

281 3209 344 3254 uam
363 3209 464 3256 rectam
485 3211 531 3256 aut
550 3201 718 3269 aptam'esse
738 3219 833 3270 pamm
853 3208 995 3269 persuasit.
1034 3208 1107 3258 Bruti
1134 3209 1160 3257 in
1188 3209 1299 3270 epistola
1327 3211 1454 3272 quarta
1480 3209 1549 3258 haec
1574 3211 1649 3258 sunt:
1678 3204 1762 3267 Nunc,
1790 3205 1888 3266 Cicero,
1914 3223 1981 3259 nuuc

280 3295 404 3361 rependam
422 3304 469 3358 est,
495 3313 526 3346 ne
541 3297 643 3362 frustra
661 3313 807 3364 oppressam
828 3313 881 3348 erre
898 3297 1038 3348 Antonium
1053 3299 1137 3365 proisi
1159 3299 1235 3350 riscus
1258 3316 1306 3348 neu
1324 3316 1422 3367 semper
1435 3300 1514 3367 primi
1535 3299 1653 3366 citiusque
1670 3298 1732 3348 eracli
1750 3298 1882 3348 occidendi
1901 3316 1980 3352 coma

277 3387 321 3448 rit,
348 3395 377 3438 ut
402 3387 476 3438 atiud
499 3396 650 3439 renascatur
674 3387 720 3438 iiio
744 3391 823 3456 pejus.
859 3389 976 3440 Primum
1004 3392 1030 3441 in
1056 3392 1192 3456 republica
1216 3395 1314 3443 malurn
1342 3393 1428 3442 tuerat
1448 3393 1568 3443 Caesaris
1589 3393 1714 3455 potentio,
1741 3393 1853 3441 aiterum
1874 3394 1979 3444 Antonii

277 3482 389 3544 ejrrsquc
407 3487 505 3544 sectae,
524 3485 633 3534 tertium
652 3481 794 3532 videbatur
809 3495 890 3545 posse
909 3483 1058 3534 succedere
1070 3485 1238 3536 Octavianus.
1272 3487 1356 3535 hntea
1373 3485 1470 3536 Brutus
1486 3484 1589 3534 dixerat
1606 3483 1753 3534 verendum
1770 3497 1830 3534 esse
1847 3485 1880 3534 dc
1894 3486 1979 3536 Octa-

276 3573 362 3634 viano,
387 3587 421 3624 ne
441 3575 519 3625 nimis
539 3579 635 3638 potens
655 3573 732 3624 tieret
751 3578 777 3624 et
796 3574 865 3624 mala
885 3575 995 3624 consilia
1016 3580 1183 3640 sequeretur.
1225 3578 1293 3637 Quid
1317 3578 1396 3640 igitur
1421 3591 1502 3640 porro
1528 3589 1588 3626 csse
1614 3577 1742 3638 oportet?
1774 3577 1838 3638 Hoc,
1866 3578 1975 3639 opinor:

276 3677 348 3716 nunc
366 3667 505 3730 agendum,
527 3679 598 3718 nunc
618 3666 767 3716 cavendum
786 3669 835 3727 esi,
856 3679 890 3717 ne
910 3666 993 3717 frusta
1013 3679 1160 3732 oppressas
1178 3670 1214 3719 sit
1233 3670 1371 3730 Antonius,
1392 3682 1462 3719 antis
1481 3683 1512 3719 ex
1533 3666 1608 3718 malis
1628 3667 1740 3731 civibus,
1767 3682 1800 3718 nc
1820 3673 1978 3724 renascatur

276 3759 326 3809 alia
347 3758 501 3809 dominatio.
537 3757 718 3808 Excidendam
737 3759 877 3822 igiturest
898 3761 1003 3819 maium,
1029 3774 1089 3822 non,
1116 3763 1147 3810 ut
1173 3762 1199 3809 in
1221 3761 1361 3824 superiore
1379 3763 1493 3812 Caesare
1515 3761 1614 3810 tactrrm
1633 3763 1681 3823 est,
1706 3775 1777 3812 unus
1799 3761 1879 3811 rrrodo
1897 3761 1977 3813 homo

275 3852 418 3903 tollendus.
445 3851 496 3901 Pro
509 3851 550 3916 his
566 3850 662 3914 legitur
677 3850 727 3899 ita:
749 3863 837 3912 „nunc
850 3852 981 3914 agendum
995 3855 1042 3914 est,
1063 3865 1095 3902 nc
1111 3866 1201 3916 caasa,
1218 3865 1267 3903 cur
1282 3853 1357 3916 prius
1374 3855 1472 3903 malam
1489 3853 1652 3915 excidamus,
1670 3867 1700 3903 ea
1714 3854 1756 3915 sit,
1777 3856 1807 3903 ut
1820 3859 1978 3906 renascatur

276 3943 410 3995 aiterum.''
445 3945 519 4004 Quae
540 3955 636 4007 parum
655 3944 779 3991 constare
798 3943 891 4005 cuivis,
911 3945 1014 4008 opinor,
1040 3945 1188 4008 apparebit,
1215 3957 1265 3995 nec
1284 3946 1392 3994 omnino
1417 3959 1448 3996 ex
1474 3945 1541 3996 meio
1562 3945 1651 3996 exciso
1675 3947 1691 3995 i.
1711 3959 1734 3996 e.
1756 3947 1863 4009 penitus
1883 3947 1977 4010 deleto,

277 4039 366 4098 potest
387 4037 491 4086 renasci
517 4035 589 4086 aliud
609 4035 717 4087 maiam.
754 4035 802 4084 iiic
822 4036 891 4086 adeo
908 4037 1063 4100 elegantiam
1084 4037 1198 4101 aliquam
1218 4037 1419 4101 deprehendero
1440 4037 1491 4088 sibi
1513 4037 1619 4088 videtur
1640 4038 1815 4099 hermannus,
1839 4039 1911 4102 qtrod
1932 4042 1977 4103 qui

276 4127 385 4191 proprie
404 4129 514 4179 edoctus
532 4129 635 4178 mnium
654 4127 723 4177 iilius
744 4127 886 4178 excisionis
906 4129 942 4178 sit
961 4129 1047 4192 (quasi
1067 4143 1131 4180 vero
1151 4144 1181 4180 ex
1201 4131 1269 4180 arato
1288 4132 1378 4180 ercisc
1398 4131 1501 4181 renasci
1523 4131 1610 4193 possit
1627 4130 1757 4193 aiterum),
1783 4144 1831 4194 per
1852 4130 1977 4180 acerbam

275 4221 426 4270 irrisionem
447 4221 472 4270 in
492 4220 612 4280 ejusdem
630 4231 739 4269 calisam
760 4223 950 4280 commutetur,
971 4221 1047 4284 quasi
1070 4221 1097 4270 id
1116 4223 1203 4285 ipsam
1223 4223 1407 4274 excidentibus
1424 4223 1479 4285 jam
1498 4223 1665 4284 propositum
1684 4222 1770 4284 tuerit,
1792 4237 1887 4286 parurn
1907 4224 1977 4285 aptis

276 4313 404 4376 exemplis
423 4327 496 4375 usae,
513 4327 575 4365 cum
591 4311 727 4363 Ciceronis
746 4323 770 4374 p.
787 4311 858 4361 Sext.
878 4325 899 4363 o.
913 4309 954 4374 3¹2,
975 4317 1032 4362 tum
1050 4311 1186 4364 tricenalis
1203 4313 1291 4376 Sati,
1304 4313 1348 4364 27:
1374 4315 1466 4378 [canpe
1483 4313 1559 4362 laisei·
1575 4311 1688 4362 cadurcos
1703 4313 1862 4380 cipitatopue
1877 4311 1978 4380 proelia

276 4403 340 4466 dele,
359 4404 404 4472 qai
419 4405 487 4468 [acb
502 4405 530 4455 ia
545 4420 629 4473 paroc
646 4400 764 4453 sublimia
784 4405 900 4454 carmina
918 4401 994 4464 cella,
1015 4409 1044 4452 at
1061 4403 1150 4470 aspiras
1168 4406 1255 4456 cenius
1272 4405 1369 4456 herinis
1387 4413 1410 4455 et
1428 4405 1538 4470 inrapiat
1551 4415 1648 4455 macro.
1682 4407 1739 4456 Hoc
1754 4408 1824 4456 enim
1840 4409 1899 4458 ioco
1914 4420 1977 4456 vere

277 4502 304 4550 et
325 4500 434 4563 proprio
452 4497 594 4549 scribentis
613 4497 700 4549 iuerat
718 4497 865 4559 consilium,
887 4501 917 4548 ut
937 4497 1032 4561 dignus
1049 4497 1216 4560 judicaretur
1233 4500 1330 4550 hedera
1351 4504 1378 4550 ct
1395 4499 1507 4562 imagine
1527 4499 1541 4548 i.
1560 4512 1582 4548 e.
1604 4502 1633 4547 ut
1648 4498 1735 4562 imago
1755 4501 1812 4562 eJus
1832 4502 1978 4563 poneretur

277 4592 305 4640 in
324 4591 493 4644 bibliothecis
513 4589 638 4654 publicis:
667 4591 757 4642 irrisio
779 4593 874 4652 poetae
894 4602 955 4640 cum
979 4589 1006 4638 in
1027 4589 1159 4652 adjectivo
1182 4605 1273 4640 maere
1297 4591 1420 4655 apposito
1446 4595 1503 4640 turn
1524 4591 1550 4639 in
1570 4591 1768 4654 contemptione
1790 4593 1846 4654 ejus
1866 4593 1977 4654 praemii

278 4685 330 4734 sita
350 4689 399 4736 est.
438 4684 566 4745 Quamvis
581 4685 661 4747 igitur
679 4684 706 4734 in
723 4682 775 4732 hoc
794 4681 922 4744 epistolae
942 4682 1083 4732 Brutianae
1101 4682 1159 4732 loco
1179 4683 1243 4734 lusit
1264 4683 1395 4764 sententia
1413 4683 1501 4748 aliqua
1518 4696 1568 4734 nec
1585 4685 1699 4734 tortasse
1717 4683 1753 4734 sit
1771 4682 1977 4744 succidendam,

281 4777 371 4837 aptum
395 4783 485 4828 tamen
508 4789 566 4826 earn
592 4789 651 4826 esse
677 4789 730 4826 non
751 4775 882 4826 existimo.
922 4777 951 4825 ln
970 4774 1117 4840 eademque
1135 4774 1186 4825 hac
1205 4777 1317 4838 epistota
1334 4775 1413 4838 panio
1434 4789 1516 4839 supra
1536 4777 1633 4828 linitas
1655 4777 1688 4826 de
1705 4776 1818 4827 Caesare
1836 4775 1908 4838 dicit,
1933 4777 1979 4840 qui

279 4868 358 4918 nimis
380 4869 502 4920 lurcatur
521 4881 537 4918 a
556 4867 696 4918 Cicerone:
723 4867 819 4928 rtatim,
844 4871 872 4916 ut
896 4867 1001 4934 quisque
1018 4864 1118 4932 ahquid
1135 4874 1204 4918 recte
1221 4867 1322 4930 fecerit,
1350 4867 1468 4931 (rideris)
1491 4867 1576 4919 omnio
1596 4867 1659 4920 dore
1676 4865 1886 4936 repromittere:
1907 4867 1980 4936 quasi

1735 4969 1783 5034 2*
