4650 5882
1185 637 1236 711 28

367 834 531 914 vulgusque
552 839 677 914 usurpat
694 835 805 898 dictum
827 833 958 916 aliquod,
976 853 1042 896 cum
1064 833 1190 896 multum
1211 833 1241 895 in
1264 855 1317 898 ore
1330 837 1427 900 babet
1470 834 1528 917 Qui
1549 841 1645 896 autem
1668 851 1704 894 eo
1724 834 1825 894 mitur
1846 833 1883 895 ad
1902 833 2048 912 judicium

368 971 455 1013 suum
479 952 720 1029 confirmandum,
739 953 765 1014 is
783 973 844 1014 nou
866 960 946 1014 recte
968 952 1075 1015 dicitur
1094 951 1124 1013 id
1145 972 1299 1033 usurpare.
1342 955 1458 1016 Deinde
1487 952 1671 1016 constructio
1692 951 1781 1030 liujus
1800 951 1861 1014 loci
1882 951 2053 1032 impeditior

369 1090 425 1132 uec
446 1089 517 1132 sane
535 1077 632 1134 recta:
654 1072 743 1150 cupio
760 1068 819 1132 titi
828 1070 983 1151 judiciam
1004 1089 1103 1130 mmm
1125 1090 1184 1132 crac
1204 1073 1404 1146 notdnmam,
1421 1091 1516 1152 napae
1536 1071 1633 1132 solam
1661 1079 1697 1132 ut
1718 1069 1735 1132 i:
1757 1087 1783 1131 e.
1810 1069 1901 1150 aitque
1922 1089 1986 1130 non
2006 1087 2053 1130 so-

369 1189 434 1249 lam
453 1190 500 1249 ita
518 1193 557 1249 art
573 1188 694 1250 Solonis
713 1187 827 1249 άίεἱυηι
849 1208 999 1268 usurpem.
1048 1189 1141 1250 Deest
1167 1186 1280 1269 aliquid
1308 1189 1337 1251 in
1362 1189 1469 1267 medlo,
1494 1188 1635 1268 artatque
1659 1186 1716 1248 tibi
1735 1207 1799 1250 raon
1818 1190 1915 1250 solum
1935 1189 1982 1248 ita
2001 1205 2052 1246 aa·-

366 1303 559 1385 placabant.
602 1309 788 1388 Quamquam
809 1305 887 1366 enirn
905 1307 995 1386 capio
1014 1303 1071 1367 att
1085 1325 1144 1368 aare
1163 1307 1353 1367 notissimam
1372 1307 1518 1386 significat
1539 1307 1685 1368 iacturum
1711 1325 1759 1367 me
1779 1317 1813 1368 ut
1831 1305 1989 1386 explicem,
2011 1311 2053 1364 ta-

370 1443 438 1485 men
457 1443 519 1486 uon
540 1443 578 1486 eo
599 1423 685 1500 valet,
708 1431 741 1486 ut
759 1423 798 1486 ait
815 1422 893 1484 idern
911 1423 1065 1505 possitque
1085 1423 1163 1500 addi,
1185 1424 1267 1506 quod
1287 1425 1456 1486 necessario
1480 1423 1518 1484 ad
1540 1423 1747 1504 explicandum
1761 1423 1914 1504 pertineat
1938 1423 2052 1485 Verum

370 1541 489 1621 gravius
508 1541 597 1622 louge
617 1561 706 1622 quam
728 1541 809 1618 haec,
826 1560 902 1623 quae
921 1540 1013 1649 prodo
1042 1540 1111 1618 dixi,
1140 1539 1214 1604 illud
1233 1546 1287 1618 est,
1311 1541 1391 1623 quod
1417 1541 1447 1602 in
1474 1541 1539 1622 ipsa
1566 1542 1711 1604 sententia
1731 1540 1861 1622 positum
1881 1548 1934 1602 est.
1978 1539 2056 1601 Cum

371 1659 453 1736 dicit,
473 1679 506 1722 se
525 1661 620 1722 Bruto
642 1658 798 1739 utriusque
819 1658 863 1720 rei
882 1659 899 1720 i.
918 1678 943 1720 e.
968 1657 1093 1738 praemii
1113 1664 1143 1720 et
1161 1677 1285 1739 poenae,
1302 1657 1448 1737 judicium
1469 1677 1557 1723 suum
1581 1659 1804 1739 explicaturum,
1826 1657 1968 1734 diuturne,
1992 1657 2056 1738 opi·

370 1795 436 1852 nor,
457 1783 510 1853 est,
532 1777 603 1857 quid
624 1776 762 1838 universe
779 1775 817 1837 de
837 1776 970 1855 praemio
992 1783 1022 1838 ct
1039 1776 1077 1838 de
1092 1795 1190 1855 poena
1205 1777 1330 1856 judicet.
1375 1776 1532 1859 augetque
1557 1776 1765 1858 disputationis
1785 1795 1856 1838 suae
1875 1775 2057 1855 expectatio

371 1911 447 1968 nean,
468 1895 549 1974 quod
571 1894 661 1970 addit,
682 1893 801 1956 nonita
820 1893 911 1955 modo
932 1913 965 1956 se
987 1894 1146 1970 dicturum,
1163 1901 1197 1956 ut
1217 1894 1338 1956 Solonis
1361 1895 1440 1957 dicto
1464 1901 1572 1972 utatur,
1593 1915 1691 1974 poena
1710 1900 1739 1955 et
1759 1893 1891 1974 praemio
1913 1891 2057 1972 imprimis

371 2010 518 2074 contineri
542 2011 754 2092 rempublicam
776 2012 821 2090 (et
838 2031 909 2074 sane
930 2012 1030 2093 inepta
1051 2011 1150 2074 lutura
1170 2018 1233 2074 erat
1255 2033 1290 2075 ea
1308 2011 1477 2093 disputatio,
1500 2013 1525 2074 si
1544 2011 1575 2074 id
1595 2012 1686 2074 modo
1707 2012 1866 2091 proterret,
1879 2011 1910 2071 in
1923 2010 2056 2091 praemio

372 2133 402 2189 et
419 2148 517 2208 poena
538 2130 696 2192 maximum
716 2135 898 2192 momentum
916 2149 982 2192 esse
1005 2130 1133 2210 positum
1156 2129 1193 2191 ad
1212 2131 1426 2211 rempublicam
1447 2137 1530 2194 recte
1548 2128 1716 2222 gerendam,
1728 2147 1826 2210 neque
1845 2128 1976 2203 adderet,
1999 2145 2057 2208 qua

371 2246 487 2308 ratione
505 2255 632 2329 utraque
649 2266 699 2309 res
717 2252 796 2310 esset
816 2246 1069 2327 administranda),
1090 2266 1203 2324 verum,
1224 2249 1282 2327 (sic
1301 2249 1379 2310 enim
1398 2255 1444 2310 est
1466 2246 1646 2328 cogitatione
1658 2245 1871 2326 supplendum)
1887 2265 1941 2307 sua
1960 2245 2058 2324 ipsum

371 2364 486 2426 ratione
508 2364 546 2426 ad
567 2369 680 2426 certum
701 2363 823 2448 aliquod
839 2365 986 2444 judicium
1006 2374 1227 2447 perventurum.
1272 2367 1335 2427 llac
1364 2365 1452 2445 igitur
1477 2375 1557 2428 tanta
1579 2363 1664 2447 quasi
1688 2363 1871 2444 praelatione
1891 2381 1964 2424 usus
1985 2361 2058 2425 nibil

372 2481 444 2544 dicit
464 2481 502 2542 de
522 2480 661 2544 universa
680 2482 796 2544 ratione
814 2483 1016 2566 praemiorum
1038 2490 1068 2545 et
1090 2502 1271 2562 poenarum
1296 2483 1349 2544 sed
1364 2503 1428 2544 nora
1453 2483 1489 2544 de
1506 2490 1595 2544 tauta
1613 2501 1655 2558 rc,
1676 2479 1780 2562 inquit,
1804 2483 1994 2559 propositum
2014 2488 2058 2542 ast

372 2597 427 2659 lmc
443 2598 507 2660 loco
530 2597 693 2677 daiputara.
737 2604 822 2683 Quae
841 2600 961 2683 quidem
979 2599 1129 2662 temeritas
1151 2607 1231 2661 tauta
1253 2607 1306 2676 est,
1328 2605 1361 2662 ut
1381 2599 1521 2662 Ciceroni
1536 2599 1627 2662 tribui
1647 2617 1708 2660 non
1731 2598 1838 2678 possit.

496 2717 660 2780 Devenitur
681 2719 772 2798 igitur
793 2719 866 2781 buc:
890 2717 974 2788 Qum
990 2737 1044 2798 ego
1064 2725 1168 2778 autam
1188 2725 1306 2779 secutus
1327 2717 1383 2780 hoo
1403 2716 1468 2801 (le.
1490 2716 1663 2796 Mutinensi)
1676 2715 1752 2779 bello
1770 2717 1828 2778 rim
1848 2715 1883 2775 in
1901 2717 2058 2777 renuntiat

372 2832 513 2910 decada,
530 2835 667 2897 elimam
687 2855 752 2896 uon
769 2841 846 2916 puto
863 2837 991 2916 aperire.
1034 2836 1150 2898 Rursus
1178 2835 1304 2916 primum
1332 2835 1521 2916 grammatica
1544 2835 1705 2899 videamus.
1748 2835 1890 2896 Altanum
1907 2851 2058 2914 nunquam

371 2951 451 3028 apud
471 2953 646 3014 Ciceronem
667 2952 709 3014 ita
728 2953 802 3032 poni
827 2959 910 3032 puto,
937 2959 971 3015 ut
991 2972 1051 3014 non
1069 2953 1203 3032 addatur,
1226 2972 1324 3034 aquo
1346 2953 1417 3034 quid
1435 2952 1563 3015 alienum
1585 2952 1631 3014 sit.
1674 2957 1775 3034 Quare
1795 2950 1914 3010 additur
1935 2957 1988 3012 aut
2008 2951 2058 3018 da·

372 3067 451 3129 tivus
471 3075 524 3130 aut
542 3067 687 3131 ablativus
705 3075 756 3132 aut
773 3068 958 3149 praepositio
979 3091 999 3130 o
1021 3078 1072 3132 eut
1092 3070 1220 3154 denique
1239 3071 1393 3151 genitivus,
1414 3071 1479 3151 ipsa
1502 3069 1716 3149 significatione
1738 3067 1892 3149 paululum
1911 3068 2057 3142 variante;

373 3204 523 3268 uunquam
543 3187 584 3262 lit,
603 3196 637 3248 ut
657 3185 730 3248 nihil
750 3186 876 3248 addatur
893 3187 932 3268 ¹).
975 3187 1052 3250 Vide
1076 3187 1110 3252 Ο.
1135 3189 1172 3253 G.
1195 3187 1325 3269 Zumptii
1351 3193 1501 3268 grammat
1528 3183 1639 3270 §itti
1688 3186 1729 3248 nt
1750 3195 1889 3267 argentea
1916 3186 2058 3249 latinitate

375 3311 515 3384 coeptum
534 3312 579 3367 cst
599 3303 640 3366 ita
659 3303 718 3365 dici
740 3304 876 3365 alienum
896 3313 947 3382 ert,
975 3311 1008 3367 ut
1028 3306 1149 3388 Quintil.
1170 3308 1198 3384 8,
1221 3311 1248 3384 t,
1270 3309 1290 3368 ‘2
1318 3305 1368 3367 laic
1388 3325 1451 3368 non
1470 3306 1606 3367 almum
1626 3311 1671 3365 est
1689 3304 1868 3379 adcrescere,
1895 3304 1935 3367 id.
1960 3307 2008 3381 ta,
2029 3307 2058 3380 9,

377 3423 415 3486 tt
438 3422 557 3484 barim
578 3441 642 3484 raon
662 3423 799 3484 aemam
818 3422 956 3495 videtum·
978 3423 1017 3486 id.
1033 3426 1059 3501 1,
1073 3427 1100 3501 5,
1114 3427 1154 3487 68
1172 3443 1236 3487 aron
1256 3425 1394 3487 atonem
1405 3424 1516 3504 fuerit
1534 3425 1661 3502 carpam.
1703 3423 1835 3504 Itemque
1848 3421 1969 3486 cornel.
1979 3421 2057 3502 Nep.

375 3538 449 3603 ttitt.
470 3542 490 3601 6
510 3559 573 3600 non
591 3541 726 3601 mum
744 3539 866 3601 uidetur
886 3540 996 3604 docere
1038 3546 1139 3624 Quare
1161 3543 1302 3605 Ciceroni
1328 3553 1410 3604 certe
1429 3559 1492 3602 non
1515 3540 1632 3602 videtur
1658 3541 1819 3602 convenire
1840 3541 1976 3601 alienum
1996 3559 2059 3602 non

370 3663 448 3736 puto
468 3657 596 3735 operire,
617 3676 674 3737 pro
694 3677 754 3739 quo
776 3664 930 3736 praeterea
950 3667 1089 3740 expectes
1109 3659 1166 3721 titt
1185 3662 1311 3742 operare,
1333 3679 1394 3722 non
1410 3659 1529 3739 aperire
1547 3657 1660 3732 solum;
1680 3657 1783 3720 scribit
1802 3657 1879 3720 enim
1895 3657 2078 3737 epistolam·

375 3791 438 3834 non
457 3771 567 3836 librum
587 3781 638 3836 aut
657 3775 738 3858 quod
760 3775 896 3838 omnibus
919 3775 1106 3840 innotescere
1126 3778 1206 3842 vetit
1249 3781 1362 3840 Verum
1384 3775 1498 3838 minora
1518 3776 1603 3838 haec:
1635 3774 1710 3838 illud
1731 3777 1833 3854 majus,
1862 3775 1944 3856 quod
1964 3784 2009 3837 est
2030 3777 2059 3838 iu

375 3889 441 3970 ipsa
462 3891 614 3953 sententia
657 3892 818 3956 Profitetur
843 3893 922 3955 enim
945 3894 1014 3971 boc,
1043 3897 1159 3976 opinor,
1187 3895 1307 3969 cicero,
1339 3914 1426 3976 quarn
1451 3892 1596 3955 rationem
1618 3891 1818 3972 praemiorum
1846 3901 1876 3954 ct
1896 3911 2060 3972 poenarum

376 4008 629 4071 decernendarem
648 4009 677 4070 in
695 4009 777 4071 bello
797 4011 956 4073 Mutinensi
979 4020 1099 4075 secutus
1122 4013 1168 4089 sit,
1197 4033 1232 4076 se
1260 4012 1473 4093 expositurum.
1516 4009 1556 4073 At
1582 4009 1640 4072 alia
1669 4009 1767 4072 omnia
1791 4009 1931 4090 deinceps
1949 4017 2058 4090 narrat,

375 4124 503 4205 primum
524 4126 555 4186 in
574 4126 664 4189 caede
686 4126 823 4191 Caesaris
845 4129 916 4211 quid
935 4128 1175 4208 praetermissum
1201 4133 1246 4210 sit,
1267 4130 1374 4192 deinde
1396 4129 1432 4191 de
1453 4128 1584 4192 Antonio
1603 4138 1633 4191 et
1653 4126 1767 4208 Lepido
1781 4127 1831 4208 qui
1847 4129 2058 4210 rempublicam

375 4249 566 4322 occuparant,
587 4250 650 4305 tram
670 4243 708 4306 de
728 4265 782 4308 sua
802 4245 839 4307 ab
859 4215 934 4309 urbe
952 4247 1148 4327 proiectione,
1175 4255 1236 4311 tum
1257 4249 1295 4310 de
1313 4247 1397 4312 Bruti
1417 4247 1494 4328 iuga,
1524 4255 1586 4310 tum
1606 4247 1642 4308 de
1665 4244 1761 4308 reditu
1781 4264 1838 4308 suo
1859 4257 1888 4308 et
1906 4247 2058 4330 quomodo

374 4360 493 4436 obuiam
513 4360 600 4422 iverit
627 4359 750 4424 Antonii
775 4365 939 4428 conatibus
981 4365 1114 4428 Tandem
1138 4367 1206 4429 inde
1234 4366 1271 4427 ab
1301 4385 1338 4430 eo
1356 4365 1437 4442 loco,
1459 4365 1511 4427 ubi
1531 4367 1605 4428 haec
1627 4369 1711 4426 sunt:
1750 4363 1834 4426 Huic
1852 4363 1952 4428 amat
1970 4385 1991 4426 a
2012 4385 2059 4426 me

375 4478 500 4540 taam
519 4479 604 4541 nulli
618 4479 738 4559 qurum
759 4487 813 4543 etc.
836 4482 939 4563 incipit
959 4483 1086 4563 primum
1110 4484 1147 4546 de
1168 4484 1314 4564 praemiis,
1336 4491 1407 4564 post
1424 4483 1461 4544 de
1482 4484 1588 4562 poenis
1610 4482 1718 4542 dicere.
1762 4483 1828 4544 Hoc
1845 4483 1912 4565 quis
1933 4482 2010 4543 ierat
2027 4482 2058 4544 in
2133 4489 2139 4507 ⁸

523 4677 551 4745 1)
570 4680 636 4728 Nam
656 4679 727 4742 apud
747 4679 799 4730 Cic.
818 4679 851 4730 dc
870 4682 937 4733 offic.
954 4679 978 4743 2,
996 4677 1043 4732 23:
1063 4682 1171 4732 omnium
1187 4698 1272 4734 emm
1289 4697 1336 4732 cea
1353 4681 1437 4750 aptiae
1454 4689 1492 4732 aet
1511 4681 1645 4748 quiequam
1663 4677 1699 4730 cd
1717 4697 1774 4749 opea
1794 4679 1897 4733 mendas
1916 4693 1949 4729 cc
1970 4686 2056 4732 tenera·

376 4771 422 4821 dm
441 4787 516 4839 quara
533 4769 605 4837 ‹lilipa'
619 4785 667 4819 aec
682 4767 788 4820 amaa
809 4786 884 4838 pacm
903 4773 994 4836 timaei,
1011 4788 1027 4824 a
1044 4786 1096 4839 qua
1111 4788 1141 4827 re
1159 4777 1270 4826 alienum
1288 4775 1323 4825 sit
1342 4776 1434 4839 timeri,
1453 4773 1650 4839 intelligendum
1670 4779 1712 4826 est
1732 4789 1764 4827 ex
1785 4788 1817 4826 eo
1835 4773 1907 4838 quod
1925 4777 2057 4826 antecedit

376 4864 459 4933 aptiae
476 4865 511 4915 cd
526 4880 583 4932 opea
604 4861 713 4915 tcmdoa.
