4650 5882
1076 673 1124 747 21

1003 769 1204 788 Ἤ

239 881 304 940 cue·
323 899 393 941 cum
422 884 558 939 statumen
581 879 618 937 in
647 877 754 938 rostris
774 876 989 950 staturisemus,
1021 874 1112 934 iidem
1132 874 1222 936 illam
1244 877 1412 938 evertimus.
1455 875 1517 937 Nos
1536 877 1627 938 illeon
1647 875 1760 938 imore
1780 873 1952 938 studuimus

241 1017 266 1057 a
285 995 409 1078 surore
431 1013 582 1057 reuocare.
631 993 710 1057 Vicit
735 995 872 1054 amentia
899 993 1043 1052 nomem
1062 991 1194 1054 leominie
1214 1001 1352 1054 nostram
1368 995 1581 1072 prudentiam.
1622 995 1685 1056 Nec
1705 1002 1808 1056 tomen
1829 1001 1952 1056 tantum
2026 1011 2031 1023 ·

244 1115 286 1174 in
306 1113 471 1176 densendo
491 1112 606 1193 Lepidi
622 1117 728 1172 statem
738 1095 871 1190 factrem
891 1117 936 1169 ert
952 1109 1040 1184 moli,
1059 1117 1209 1188 qreautum
1227 1113 1264 1171 in
1282 1112 1442 1173 evertenda
1460 1111 1539 1176 boni.
1581 1111 1665 1174 Satis
1683 1112 1783 1172 multu
1803 1110 1840 1172 de
1859 1111 1952 1173 hono-

245 1230 345 1294 n'ius.
386 1231 479 1292 Nunc
500 1229 536 1291 de
549 1249 652 1310 poeno
669 1247 775 1309 pauco
797 1235 871 1289 sunt
889 1227 1026 1288 diemde.
1056 1229 1201 1289 Intellexi
1218 1229 1300 1288 enim
1318 1249 1357 1290 es
1377 1231 1439 1291 teas
1459 1249 1545 1310 saepe
1561 1230 1681 1304 litteris,
1704 1235 1733 1289 te
1753 1230 1789 1289 in
1807 1229 1854 1305 iis,
1879 1247 1953 1307 quos

246 1346 328 1412 helle
344 1349 487 1424 deeimm
509 1349 700 1410 clenentiam
721 1353 809 1407 tuam
828 1343 903 1404 uelle
923 1344 1058 1406 laudari
1092 1345 1244 1406 Eristimo
1264 1347 1400 1425 equidem
1420 1346 1540 1408 nihilo
1558 1353 1594 1422 te,
1615 1348 1679 1408 nisi
1693 1347 1852 1426 tepenter.
1890 1345 1953 1406 Sed

249 1466 373 1528 sceleris
392 1483 525 1545 poereom
543 1466 792 1544 praetermittere
818 1459 870 1539 (id
892 1463 974 1521 ene'rre
999 1469 1049 1538 eet,
1073 1461 1156 1540 quod
1175 1471 1304 1524 ematur
1323 1465 1493 1544 ignoscere)
1520 1466 1613 1526 ettam
1635 1466 1664 1525 si
1682 1465 1719 1524 in
1737 1463 1842 1525 ceteris
1862 1459 1950 1524 rebm

252 1581 409 1646 tolerabile
427 1590 479 1660 est,
499 1585 536 1643 ln
556 1583 612 1644 loc
629 1581 705 1642 bello
719 1581 926 1661 perus'ee'orum
935 1585 1024 1660 puto.
1057 1579 1188 1642 Nullum
1204 1581 1286 1642 enim
1302 1579 1413 1644 bellurn
1430 1583 1520 1643 delle
1526 1583 1651 1664 fuitiu
1662 1587 1768 1642 nostra
1780 1576 1951 1659 republica

253 1703 399 1776 onmium,
423 1719 501 1779 quae
519 1701 667 1761 memoria
688 1717 757 1759 meo
765 1697 917 1779 suerunt,
938 1697 973 1757 irs
992 1715 1051 1774 quo
1070 1694 1145 1758 bello
1163 1716 1236 1774 uon,
1269 1705 1464 1779 nouamque
1476 1719 1556 1780 pars
1575 1699 1700 1774 aeone,
1722 1705 1825 1759 tomen
1844 1697 1951 1775 als'qsm

246 1817 360 1902 sorum
386 1824 460 1879 erret
472 1817 599 1898 futuro
625 1817 674 1878 rei
691 1813 841 1896 pesile'cae.
884 1816 953 1877 Hoc
976 1811 1051 1876 lello
1075 1816 1202 1876 uictores
1230 1833 1323 1894 quam
1343 1835 1409 1877 rem
1422 1813 1581 1896 publicam
1605 1817 1700 1877 semus
1719 1813 1866 1889 habituri,
1888 1831 1952 1875 nou

245 1933 351 2018 focile
370 1935 584 2016 affirmarim,
606 1934 694 1995 uectis
716 1939 794 1994 certe
812 1931 904 1993 nulla
922 1951 1059 2011 munem
1077 1933 1145 1994 erit.
1185 1933 1266 1993 Diri
1282 1934 1382 2012 egetur
1401 1936 1565 1995 sententias
1584 1935 1620 1994 iu
1634 1933 1814 2010 Antonium,
1833 1931 1903 1994 diri
1918 1931 1953 1992 in

253 2051 407 2134 lepidum
429 2069 563 2112 uuum.-
592 2069 687 2130 neque
712 2057 776 2111 tom
803 2047 973 2110 uleuseendi
991 2069 1095 2123 causo,
1123 2069 1216 2129 quom
1244 2057 1282 2110 ut
1306 2057 1336 2111 et
1357 2053 1393 2112 in
1408 2070 1553 2130 praesens
1571 2051 1728 2112 rulerotcs
1749 2050 1953 2111 enecuere

253 2168 291 2230 ab
310 2167 526 2248 impugnanda
539 2169 649 2247 patria
668 2167 865 2229 deterrerem:
900 2173 933 2228 et
946 2167 983 2226 iu
997 2173 1154 2246 posterum
1174 2167 1390 2228 documentum
1407 2177 1580 2244 statuerem,
1596 2187 1635 2227 ue
1651 2167 1719 2246 qus‘s
1740 2167 1831 2229 talem
1848 2183 1953 2226 mnen-

255 2287 333 2346 tiom
358 2287 449 2346 uellet
474 2287 612 2347 imitari·
647 2285 840 2364 Qseamqssam
863 2284 938 2344 leaeo
961 2283 1080 2364 quidm
1101 2285 1253 2344 sententio
1273 2303 1337 2346 uon
1357 2288 1458 2366 magis
1484 2305 1553 2346 meo
1572 2283 1659 2366 fuit,
1688 2303 1780 2364 quom
1806 2284 1952 2346 munium.

254 2404 292 2464 lu
315 2421 376 2481 quo
396 2403 516 2464 uidetur
536 2403 618 2466 illsul
636 2421 695 2464 esse
715 2401 844 2476 crudele,
866 2401 949 2481 qseod
966 2399 1010 2461 od
1029 2399 1143 2478 isleras,
1167 2403 1223 2480 qui
1238 2401 1322 2463 nilsil
1335 2409 1524 2479 meruerunt,
1539 2421 1641 2481 poeno
1653 2402 1801 2482 peruenit.
1843 2399 1905 2460 Sed
1919 2398 1956 2459 id

255 2526 285 2580 el
302 2521 464 2598 onapusan
483 2527 534 2596 est,
554 2527 587 2581 et
603 2522 742 2582 omnium
764 2520 943 2580 ciuitatum.-
963 2519 1110 2598 sr'qus'dem
1122 2519 1215 2579 etium
1231 2518 1427 2582 Themistocli
1437 2517 1528 2581 liberi
1538 2527 1698 2600 eguenent.
1727 2521 1777 2595 tu,
1797 2519 1825 2579 ei
1833 2517 1953 2596 judicio

256 2635 416 2698 damnatos
435 2637 539 2698 eudem
552 2656 656 2717 poeno
675 2637 814 2715 sequitur
833 2638 919 2712 ciues,
947 2638 1004 2717 qui
1018 2637 1177 2716 potue'mus
1199 2635 1328 2697 leniores
1349 2657 1408 2698 esre
1430 2639 1465 2698 in
1492 2637 1609 2698 hostes?
1645 2637 1728 2708 outo
1745 2643 1848 2698 aulem
1868 2636 1956 2714 qenrs'

248 2759 349 2832 potest
367 2755 528 2832 quisquam
550 2754 587 2815 de
603 2773 660 2829 me,
687 2753 749 2832 qui,
775 2755 804 2814 se'
822 2754 950 2828 or'cisset,
972 2752 1154 2814 acerbiorem
1174 2773 1205 2813 se
1227 2753 1263 2812 s'n
1280 2773 1329 2815 me
1338 2753 1495 2834 futurum
1508 2755 1614 2837 fuisse
1637 2754 1821 2834 confiteatur
1840 2770 1954 2812 neeesse

252 2873 318 2931 est?
352 2867 454 2930 Habes
489 2871 642 2932 rationem
666 2889 805 2932 meorum
824 2873 1057 2946 sententiarum,
1079 2869 1116 2931 de
1134 2869 1191 2931 lsoc
1208 2889 1320 2950 genere
1340 2870 1507 2933 dumtaxat
1524 2871 1647 2932 honoris
1663 2878 1695 2932 et
1708 2889 1833 2950 poesim.
1870 2868 1953 2929 Nam

252 2987 289 3048 de
304 2988 410 3048 ceteris
428 2985 517 3048 rebus
535 2987 611 3066 quid
626 2988 777 3064 suumne,
794 2987 924 3068 puidmre
944 2990 1120 3065 ceresuerim,
1142 2988 1262 3050 auduse
1279 2994 1308 3048 te
1328 2985 1470 3053 arbitror.
1512 2989 1575 3051 Sed
1594 2988 1668 3050 leaeo
1686 2987 1806 3068 quidem
1825 2985 1952 3047 nonita

252 3106 431 3169 murana.
474 3104 560 3167 Illud
580 3105 669 3166 ualde
688 3107 901 3181 necessarium,
928 3105 1038 3182 Brute,
1067 3113 1096 3166 te
1120 3106 1157 3164 in
1183 3107 1309 3167 Itals'am
1327 3125 1398 3166 cum
1417 3109 1555 3168 exercitu
1576 3108 1679 3168 ueres're
1698 3123 1790 3185 quom
1803 3103 1951 3184 primum.

256 3221 386 3283 &numo
417 3229 462 3282 est
491 3225 658 3302 expectatio
689 3223 739 3283 tui
744 3245 756 3281 .·
784 3223 840 3300 qui
866 3223 1036 3284 eiItaliom
1057 3223 1205 3302 olts'geris,
1226 3223 1271 3284 ad
1286 3230 1315 3284 te
1335 3243 1500 3285 concursus
1511 3225 1574 3305 fiet
1593 3224 1739 3285 omue'ssm.
1779 3221 1850 3282 Siue
1870 3219 1953 3279 enim

253 3339 423 3414 meorumue,
448 3340 520 3417 (qui
539 3339 658 3418 quidem
673 3337 882 3419 pulcherrime
901 3341 1080 3415 viceramus,
1106 3341 1171 3400 nisi
1188 3339 1324 3419 Lepidus
1339 3341 1468 3420 perdere
1490 3343 1603 3418 omnen,
1630 3347 1661 3401 et
1675 3341 1779 3420 perere
1800 3339 1862 3417 ipse
1881 3353 1952 3396 cum

252 3457 317 3518 ruis
335 3456 576 3535 concupierunt)
599 3463 655 3516 tua
673 3455 758 3518 nolu
776 3457 962 3518 auctoritate
977 3476 1052 3537 opue
1071 3463 1117 3518 est
1135 3456 1180 3518 ad
1197 3457 1409 3520 reuocandum
1429 3459 1563 3537 aliquem
1583 3458 1717 3519 ciuitatis
1734 3461 1867 3516 statum:
1891 3456 1952 3514 eioe

254 3575 347 3635 etiam
370 3593 459 3634 nunc
478 3579 632 3634 certamen
652 3575 806 3653 reliquum
827 3579 878 3649 est,
899 3577 1039 3636 marimo
1059 3593 1123 3654 spes
1143 3583 1188 3637 est
1207 3594 1277 3636 cum
1297 3576 1334 3636 in
1355 3577 1539 3637 auctoritate
1568 3581 1632 3652 tua,
1665 3581 1731 3634 tum
1748 3572 1952 3634 in'enercitue

257 3692 308 3752 tui
323 3687 446 3753 uidem
488 3689 551 3752 Sed
559 3708 704 3770 propera,
732 3711 791 3771 per
811 3690 888 3753 deor.
930 3692 997 3753 Seis
1015 3694 1106 3768 usim,
1127 3701 1278 3772 meantum
1299 3694 1343 3754 sit
1362 3696 1398 3755 in
1415 3690 1604 3772 temporibus,
1624 3698 1776 3771 quantum
1793 3690 1828 3750 e'n
1848 3687 1952 3750 celeri

255 3816 327 3872 tote.
353 3808 474 3892 Sororiu
493 3809 655 3889 moefiliis
674 3827 767 3887 qreom
784 3808 949 3888 diligenter
967 3809 1133 3887 cmsulom,
1154 3829 1240 3890 spero
1257 3818 1286 3872 te
1301 3831 1340 3870 ee
1354 3811 1472 3887 mauu,
1493 3817 1524 3872 et
1538 3830 1576 3870 ez
1595 3811 1706 3871 sororis
1722 3809 1833 3870 litteris
1847 3805 1953 3886 cogni-

256 3932 370 3987 turum.
411 3925 480 3995 Quo
501 3926 536 3986 in
557 3945 652 3988 cousa
671 3925 818 4006 majorem
841 3925 933 3988 habeo
949 3929 1101 3989 rationem
1119 3935 1192 3989 tuae
1209 3929 1386 4004 uoluntates,
1410 3948 1487 4006 quae
1503 3927 1583 3989 me'lsi
1597 3928 1757 3990 cardamo
1776 3931 1828 4003 est,
1849 3943 1952 4005 quom,

257 4048 296 4102 ul
315 4039 493 4121 quibusdam
517 4043 630 4122 uideor,
659 4045 849 4106 constantiae
862 4065 960 4114 meae.
1002 4045 1065 4108 Sed
1083 4065 1137 4126 ego
1158 4046 1250 4108 nulla
1268 4047 1303 4106 in
1324 4066 1358 4107 re
1375 4045 1466 4122 malo,
1494 4063 1587 4124 queam
1606 4052 1635 4108 te
1654 4044 1789 4108 amande
1811 4048 1953 4106 constane

257 4166 290 4223 et
307 4177 366 4221 esse
383 4167 415 4220 et
431 4159 539 4224 uideri.

339 4392 458 4454 Heereo
486 4390 517 4452 in
544 4391 612 4474 ipso
639 4392 732 4456 initio.
775 4393 856 4476 Quid
876 4395 954 4457 enim
978 4395 1146 4474 significare
1164 4401 1266 4476 potest
1285 4395 1452 4458 Messalam
1473 4393 1586 4459 iales?
1614 4395 1714 4459 Utitur
1730 4394 1839 4459 Cicero
1860 4411 1951 4473 saepo

256 4512 321 4591 ejus
341 4507 426 4570 verbi
450 4509 546 4571 forme
564 4511 748 4594 imperativa,
775 4511 831 4573 leoe
850 4511 956 4574 iubeto
979 4512 1025 4576 vel
1048 4515 1092 4576 sic
1109 4511 1219 4592 habeto,
1241 4513 1263 4578 i.
1284 4533 1309 4577 e.
1331 4515 1389 4576 hoc
1411 4513 1498 4592 scito,
1527 4513 1672 4598 imprimis
1693 4513 1725 4575 in
1746 4512 1891 4595 epistolis,
1919 4514 1953 4572 ut

256 4627 332 4710 Epp.
355 4627 403 4704 13,
422 4627 514 4704 29,2
541 4628 577 4689 id
593 4631 732 4710 primum
752 4649 825 4710 ergo
850 4629 963 4707 habeto,
991 4651 1054 4692 reon
1077 4631 1143 4692 sine
1162 4651 1279 4712 magno
1292 4632 1439 4712 justoque
1457 4652 1552 4694 causa
1571 4631 1653 4694 leone
1675 4653 1696 4693 a
1713 4652 1762 4693 me
1780 4647 1954 4694 commemo

256 4747 406 4808 rationem
427 4765 487 4807 esse
494 4745 643 4826 foetom;
672 4748 749 4828 Epp.
765 4749 796 4824 2,
813 4749 842 4823 6,
858 4750 876 4810 5
897 4770 996 4810 unum
1016 4748 1072 4809 lroc
1091 4749 1135 4808 sic
1151 4747 1265 4826 leaieto,
1287 4751 1317 4810 si
1334 4769 1355 4810 a
1372 4755 1402 4810 te
1419 4748 1501 4812 hone
1518 4769 1583 4812 rem
1600 4751 1775 4831 iupetraro,
1794 4765 1842 4808 me
1854 4765 1954 4826 poene

251 4863 326 4944 plus
347 4861 404 4924 tibi
421 4883 514 4943 quom
531 4864 594 4943 ipd
612 4865 732 4928 Miloni
746 4863 917 4928 debiturum
923 4897 934 4941 ,·
962 4868 1039 4949 Epp.
1052 4867 1082 4943 3,
1103 4867 1152 4944 13,
1172 4869 1192 4929 2
1213 4867 1297 4930 illud
1310 4866 1399 4928 velim
1421 4868 1466 4930 ste
1485 4867 1602 4947 lsobeos,
1622 4868 1704 4948 quod
1719 4865 1878 4945 intelliges,
1895 4865 1955 4929 leae
