4650 5882
1115 615 1165 690 bb

290 825 369 908 ipse,
392 843 481 906 quem
501 841 559 886 suo
579 822 600 884 i.
618 840 643 884 e.
665 818 799 902 legitimo
819 837 898 881 auno
917 835 1022 880 omnes
1043 816 1175 878 bonores
1198 821 1392 878 consecutum
1412 837 1478 880 esse
1498 825 1622 897 constat,
1644 841 1713 883 cum
1731 841 1809 884 auno
1825 825 1864 887 76
1877 843 1903 886 a
1918 828 1987 890 Gir.

293 950 439 1026 quaestor
456 911 668 1021 Lilybaetanus
686 937 801 1013 inisset,
823 935 930 999 consui
951 937 1048 998 iactus
1068 939 1114 996 est
1133 951 1211 995 anno
1234 935 1273 996 63
1293 953 1319 996 a.
1339 935 1408 998 Chr.
1429 936 1448 1000 i.
1462 955 1487 999 e.
1508 937 1695 1015 duodecimo,
1715 940 1763 1001 vel
1780 941 1805 1003 si
1826 943 1988 1006 Romanam

293 1061 439 1124 rationem
457 1056 631 1122 numerandi
651 1075 786 1138 sequare,
809 1053 897 1116 tertio
917 1053 1034 1116 decimo
1052 1071 1132 1114 11000
1146 1057 1225 1132 post,
1243 1071 1338 1116 annos
1356 1061 1443 1116 notus
1464 1055 1657 1135 quadraginta
1674 1057 1760 1122 duos.
1792 1062 1894 1140 Quare
1907 1061 1988 1142 quod

294 1179 405 1242 Cicero
427 1176 511 1240 initio
533 1175 715 1250 decreverat,
738 1173 816 1234 idem
834 1176 881 1236 est
901 1177 991 1254 atque
1009 1169 1049 1245 id,
1075 1168 1159 1250 quod
1178 1170 1257 1250 App.
1276 1169 1343 1232 beli.
1364 1171 1420 1232 civ.
1441 1171 1470 1247 3,
1486 1175 1524 1235 51
1547 1183 1577 1236 01
1603 1174 1662 1236 Dio
1684 1176 1767 1239 Cass.
1788 1175 1856 1242 libr.
1877 1181 1987 1255 1119

292 1303 444 1377 tamquam
471 1311 626 1370 summum,
659 1291 740 1374 quod
767 1291 869 1353 datum
897 1287 937 1352 sii
959 1287 1124 1350 Octaviano
1151 1286 1189 1348 ab
1216 1294 1329 1364 senatu,
1360 1289 1493 1366 aiicnrni,
1520 1299 1553 1354 111
1573 1291 1718 1354 decennio
1738 1301 1807 1356 01110
1825 1295 1988 1376 legitimum

294 1423 414 1494 tempus
439 1410 625 1475 consulatum
651 1413 755 1490 petere
781 1407 894 1482 liceret,
922 1404 972 1469 vei
997 1403 1024 1466 si
1049 1403 1131 1487 quod
1153 1404 1230 1467 iorte
1257 1405 1367 1469 biennii
1392 1406 1552 1470 discrimen
1573 1409 1709 1487 efficitur,
1739 1411 1769 1472 id
1792 1431 1989 1478 1100100110

296 1531 441 1594 sententia
458 1531 496 1592 de
517 1529 621 1592 eadem
642 1546 675 1590 re
694 1526 782 1602 diota,
803 1524 858 1588 sed
872 1543 892 1586 a
907 1529 1028 1587 senatus
1047 1521 1186 1584 consulto
1206 1522 1297 1603 puuio
1317 1523 1382 1586 riiis
1403 1524 1503 1586 verbis
1521 1535 1671 1609 concepto
1687 1531 1879 1610 repetendum
1898 1537 1988 1614 est.¹)

298 1651 398 1727 Quare
418 1647 499 1709 uuila
520 1646 642 1709 omnino
660 1644 760 1726 major
780 1640 933 1723 petitionis
954 1637 1092 1702 celeritas
1109 1639 1228 1702 videtur
1248 1659 1314 1702 esse
1336 1641 1464 1705 decreta.
1476 1643 1504 1720 ²)
1682 1633 1690 1650 '

419 1765 542 1828 Dictum
563 1772 609 1827 esi
631 1763 668 1825 de
687 1761 852 1824 honoribus
875 1747 1040 1820 Octaviano
1062 1756 1200 1833 decretis,
1223 1757 1365 1839 deinceps
1384 1759 1492 1822 dicitur
1512 1761 1550 1822 de
1571 1762 1697 1825 Decimo
1716 1763 1822 1827 Bruto.
1871 1768 1987 1851 inquo

293 1901 398 1947 rursus
419 1901 566 1963 agnoscas
587 1880 824 1955 declamatorem,
844 1877 951 1960 quiea
969 1881 1145 1955 persecutus
1161 1875 1209 1952 sit,
1228 1895 1305 1958 quae
1323 1895 1412 1940 verus
1426 1879 1534 1940 Cicero
1547 1879 1587 1941 M.
1599 1880 1695 1943 Bruto
1712 1889 1794 1945 certe
1812 1900 1873 1944 uon
1892 1885 1990 1950 iuerat

293 2001 471 2081 scripturus
516 1999 551 2061 Si
572 1999 649 2061 euim
670 1999 710 2061 M.
731 1998 843 2060 Brutus
865 1993 1045 2076 querebamur
1063 1993 1101 2055 (10
1121 1992 1218 2056 nimiis
1244 1993 1409 2056 bonoribus
1433 2014 1451 2057 e
1470 1997 1617 2060 Cicerone
1636 1998 1773 2076 decretis,
1800 2021 1861 2064 non
1884 2023 1988 2085 quere-

293 2119 392 2194 batur,
413 2118 496 2199 quod
515 2117 641 2179 Decimo
655 2115 767 2178 decreti
789 2117 897 2188 esseut,
919 2110 1004 2173 socio
1025 2110 1219 2174 consiliorum
1239 2120 1270 2173 et
1290 2111 1420 2191 adjutori
1438 2112 1590 2176 tollendae
1612 2117 1829 2196 dominatione,
1849 2121 1901 2182 sed
1918 2143 1990 2203 que-

297 2236 426 2312 rebatur,
448 2235 529 2317 quud
550 2233 723 2310 Octaviano,
751 2231 834 2313 qnod
853 2227 978 2309 Lepido,
1007 2227 1089 2310 quod
1111 2229 1229 2306 ceteris,
1255 2229 1306 2310 qui
1323 2230 1461 2294 Caesaris
1490 2231 1638 2294 interiecti
1663 2243 1764 2314 partes
1788 2235 1988 2305 defenderent.

296 2355 365 2417 1100
385 2353 475 2435 igitur
492 2354 678 2434 purgandum
692 2357 766 2424 erat,
785 2367 847 2410 non
865 2368 901 2410 ea
916 2348 1068 2411 rhetorum
1087 2365 1171 2409 more
1188 2346 1368 2423 adornanda,
1389 2367 1466 2430 quae
1481 2349 1662 2414 declamator
1678 2351 1727 2416 hio
1744 2355 1872 2435 scripsit
1908 2357 1990 2435 Quid

298 2473 377 2535 enim
398 2489 469 2534 vere
490 2477 635 2551 purgator
656 2469 716 2531 hoc
737 2466 827 2528 ioco?
854 2485 931 2548 quae
949 2464 1027 2526 ratio
1049 2465 1185 2528 redditur
1205 2465 1354 2526 bonorum
1372 2463 1582 2530 decretorum?
1612 2469 1748 2544 „Notam
1769 2491 1835 2536 esse
1857 2475 1886 2536 in
1907 2478 1990 2540 iustis

297 2589 478 2670 gratissimae
499 2587 644 2650 victoriae
662 2583 872 2664 sempiternam
893 2581 1056 2646 voiebam.”
1098 2583 1171 2644 Eam
1189 2581 1328 2646 nimirum
1348 2583 1378 2644 in
1399 2585 1539 2647 contione
1560 2585 1607 2646 vei
1633 2588 1719 2650 etiam
1743 2589 1774 2652 in
1796 2601 1900 2656 senatu
1921 2605 1989 2658 cum

295 2707 403 2788 plausu
422 2705 604 2768 audientium
623 2701 730 2766 aiierre
749 2707 876 2782 poterat,
894 2701 990 2764 Bruto
1002 2707 1099 2764 autem
1118 2702 1148 2764 in
1167 2701 1282 2764 ratione
1302 2701 1454 2764 reddenda
1471 2703 1666 2767 consiliorum
1686 2725 1808 2770 suorum
1827 2711 1991 2775 111000011-

295 2826 377 2902 bere,
408 2811 573 2905 inquibus
603 2819 679 2882 ratio
702 2819 821 2903 quidem
843 2817 935 2896 nulla,
966 2819 1020 2882 sed
1044 2819 1625 2902 1101010001,ουοά0110110110111,
1652 2829 1752 2886 noune
1774 2825 1905 2906 ineptum
1928 2833 1991 2894 esti

295 2943 338 3006 itt
360 2943 435 3006 baec
458 2941 524 3021 ipsa
554 2937 591 3000 de
619 2939 745 3000 Decimo
772 2937 869 3000 Bruto
897 2936 1059 3002 videndum
1080 2947 1133 3013 est,
1163 2955 1222 3019 qua
1252 2937 1367 3000 ratione
1388 2945 1583 3002 annectantur
1610 2941 1771 3020 prioribus.
1816 2945 1905 3008 Ns'lril
1923 2954 1990 3008 tom

297 3063 429 3122 niarium
458 3053 624 3118 0111010101.
682 3055 817 3117 Excusat
851 3054 943 3136 igitur
979 3075 1158 3118 eonsensum
1198 3055 1330 3119 omnium
1361 3062 1547 3134 senatorum,
1586 3059 1637 3141 qui
1667 3079 1736 3122 oum
1773 3063 1813 3124 M.
1845 3064 1991 3126 Antonius

298 3177 366 3242 urbi
393 3175 566 3250 immineret,
598 3173 672 3236 nibil
700 3191 762 3235 nou
787 3172 1014 3236 concedendum
1036 3193 1102 3237 esse
1130 3173 1330 3235 existimarent
1357 3172 1531 3250 Octaviano,
1560 3176 1643 3238 ntis
1673 3159 1833 3259 perniciem
1863 3181 1993 3260 depeiie-

297 3301 352 3358 ret.
388 3296 427 3357 Et
446 3295 505 3356 boc
527 3291 647 3374 quidem
667 3299 751 3354 recte
771 3298 909 3354 escuem:
939 3290 1126 3354 ducebantur
1146 3290 1224 3352 enim
1243 3309 1347 3352 ornnes
1370 3310 1407 3353 eo
1429 3291 1544 3353 timore.
1586 3293 1678 3355 Tumr
1715 3296 1778 3357 Sed
1799 3299 1897 3358 nesab
1920 3317 1991 3378 quc·

296 3413 385 3476 modo
398 3409 537 3494 sacila'ru
556 3411 592 3472 ta
613 3407 868 3489 1000101001·
885 3427 977 3488 qrram
996 3410 1179 3472 invasionis
1196 3411 1286 3490 graii
1302 3411 1501 3490 reperiuntur
1521 3408 1540 3472 i.
1553 3427 1579 3473 0.
1600 3410 1668 3489 pius
1689 3411 1787 3474 soient
1805 3414 1939 3477 homines
1961 3417 1992 3478 in

297 3530 435 3612 periodo
457 3527 568 3608 largiti,
600 3545 689 3610 quam
710 3535 781 3608 post
802 3526 959 3607 depulsum
986 3527 1152 3607 periculum
1173 3534 1334 3607 praestare.
1375 3529 1439 3590 iiac
1462 3524 1551 3606 igitur
1572 3528 1687 3592 ratione
1708 3533 1830 3612 purgari
1850 3552 1884 3596 se
1902 3553 1993 3614 posse

299 3649 422 3730 putabat
442 3644 553 3709 Cicero
573 3645 612 3706 ti.
630 3645 735 3720 Bruto,
756 3645 783 3707 si
804 3652 875 3725 post
897 3646 1006 3707 vietum
1030 3643 1193 3708 Antonium
1212 3644 1335 3726 gratiam
1358 3643 1543 3707 referendam
1565 3644 1658 3710 tuisse
1680 3647 1813 3714 diceret?
1839 3651 1920 3712 iiaec
1943 3650 1993 3732 qui

300 3783 401 3828 rerum
417 3765 638 3844 itomiumnque,
661 3761 764 3844 quates
784 3761 846 3826 iilis
863 3762 1050 3843 temporibus
1069 3769 1160 3838 erant,
1190 3761 1397 3825 condicionem
1416 3762 1464 3826 vei
1481 3762 1672 3827 mediocriter
1691 3776 1802 3844 nosset,
1820 3788 1877 3830 nec
1894 3775 1995 3849 aptum

301 3884 495 3946 declamando
518 3899 657 3961 eampum
682 3889 846 3960 quaereret,
869 3880 1002 3944 scribere
1023 3899 1083 3941 0011
1107 3880 1213 3960 potuit.
1256 3880 1370 3942 Nomre
1386 3880 1461 3942 haec
1485 3879 1587 3959 potius
1604 3886 1690 3964 sequi
1707 3887 1883 3966 oportebat?
1905 3887 1996 3963 „Post

301 4002 456 4066 victoriam
484 4007 583 4063 auteur
612 3995 811 4060 Mutinensem
834 3997 906 4081 quid
936 3997 1054 4059 tandem
1082 3998 1285 4061 concessimus
1309 3998 1482 4074 Octaviano,
1516 4000 1599 4081 quod
1619 4001 1741 4066 nimium
1759 4003 1862 4068 vocari
1882 4005 1997 4087 possiti

453 4198 476 4262 i]
503 4201 615 4252 0111111110
633 4199 768 4262 Appianas
788 4200 815 4246 at
837 4196 884 4246 Dio
904 4197 1011 4248 Cassius
1030 4195 1101 4261 quod
1120 4201 1236 4260 narrant,
1259 4196 1361 4262 dubito,
1387 4212 1420 4250 00
1440 4199 1524 4264 magis
1543 4213 1575 4252 01
1595 4202 1636 4252 sui
1656 4203 1784 4266 temporis
1803 4203 1995 4256 consuetudine

304 4303 384 4357 quarn
406 4303 438 4342 ex
458 4297 566 4342 senatus
589 4290 718 4352 consulto,
742 4287 814 4354 quod
839 4291 894 4338 turn
920 4287 954 4339 de
979 4287 1125 4338 Octaviano
1145 4287 1309 4352 factumest,
1332 4290 1456 4342 dixerint.
1491 4291 1547 4342 Sub
1566 4293 1772 4357 imperatoribus
1790 4297 1827 4347 ita
1845 4298 1871 4346 in
1891 4296 1949 4345 iiiiis
1969 4297 1996 4344 et

302 4383 447 4448 nepotibus
464 4385 591 4448 principis
608 4380 712 4434 solebat
732 4379 847 4440 decerni,
867 4386 898 4431 ut
913 4381 1094 4446 quinquennio
1112 4380 1154 4431 vei
1172 4381 1303 4432 decennio
1318 4386 1379 4434 ante
1397 4383 1541 4448 iegttimam
1562 4389 1677 4437 aetatem
1696 4387 1812 4440 bonores
1826 4393 1917 4453 petere
1929 4387 1997 4438 iice-

304 4482 360 4528 ret:
386 4477 413 4527 in
435 4475 518 4526 tibara
537 4475 682 4540 repubiica,
702 4485 764 4524 curn
784 4473 914 4522 honorum
933 4471 999 4522 ordo
1018 4473 1170 4522 accuratius
1189 4477 1352 4535 servaretur,
1371 4487 1425 4525 non
1445 4477 1553 4527 memini
1569 4479 1606 4528 110
1626 4478 1734 4529 decerni
1753 4481 1933 4534 consuevisse.

454 4565 480 4632 it
499 4570 584 4632 Atque
602 4567 668 4618 11000
685 4565 742 4630 ipsa
758 4561 889 4630 petitionis
902 4561 1028 4626 0010111111,
1046 4576 1207 4628 quemquam
1219 4577 1273 4615 non
1289 4579 1356 4630 nego
1370 4565 1423 4617 dici
1435 4568 1472 4618 ita
1489 4566 1607 4622 breviter
1619 4575 1646 4621 et
1662 4572 1777 4634 concise,
1796 4570 1886 4623 dubito
1900 4574 1996 4634 11111100,

306 4675 370 4713 111101
388 4667 462 4728 entra
483 4659 611 4723 epistolae
631 4654 834 4708 familiaritatem
853 4653 904 4704 dici
925 4654 1018 4718 possit.
1054 4655 1143 4719 Neque
1164 4656 1235 4705 enim
1254 4662 1327 4709 certe
1340 4657 1431 4726 petitio
1452 4659 1489 4710 ita
1509 4675 1559 4713 usu
1577 4663 1728 4714 continetur
1745 4664 1772 4714 in
1788 4663 1941 4727 bonoribus,
1961 4667 1997 4726 ut,

308 4754 331 4805 si
350 4757 383 4804 de
403 4768 434 4806 ea
451 4754 526 4806 dieas
547 4765 606 4810 uec,
634 4763 686 4814 quo
705 4747 848 4806 referatur,
875 4745 1024 4806 antecedat,
1050 4759 1102 4796 non
1127 4746 1672 4816 100Ιί110011οω10100111100000311011
1692 4755 1784 4819 possit.
1816 4757 1853 4806 Ae
1873 4769 1953 4822 quam
1970 4757 1998 4806 in

307 4845 349 4896 bis
369 4847 487 4910 epistoiis
506 4842 611 4896 dicendi
630 4853 712 4905 genus
732 4853 785 4892 non
805 4839 840 4890 sit
858 4837 993 4897 iamiiiara,
1010 4839 1064 4902 jem
1081 4851 1169 4903 supra
1186 4839 1287 4892 dictum
1305 4845 1353 4892 asi.

1753 4947 1805 5010 5*
