4650 5882
1105 645 1129 716 9

251 845 352 916 'modo
376 818 490 930 relr'qai
515 850 656 930 temporis
679 847 816 927 glanem
838 846 986 926 eripierit
1004 843 1070 921 riba,
1099 845 1152 908 aad
1170 847 1269 920 aliern
1282 844 1453 923 praetenta
1472 861 1645 908 aramme
1666 853 1752 926 coget
1769 845 1868 924 (nibil
1885 849 1967 908 eaba

259 989 320 1050 per
338 990 368 1030 aa
386 968 523 1048 amplam
545 974 598 1042 erl,
622 967 686 1034 aet
704 966 739 1026 in
762 982 821 1044 quo
833 964 954 1047 pirdicii
972 965 1055 1024 ratab
1070 967 1182 1042 extat),
1209 963 1282 1041 quia
1305 963 1456 1023 neminem
1481 963 1580 1042 magii
1596 962 1687 1037 decet,
1712 984 1804 1042 qaam
1824 972 1861 1041 te,
1886 984 1965 1026 rem-

260 1085 417 1165 publicam
438 1053 1064 1163 amarelebertatirqaa1defemcrerrterae.
1105 1079 1138 1140 ln
1161 1079 1206 1141 bis
1224 1079 1337 1158 primus
1356 1078 1549 1140 Marklandus
1570 1100 1597 1158 p.
1615 1081 1676 1146 209
1700 1081 1869 1160 parenthesi
1883 1091 1965 1145 reete

265 1199 474 1280 constituenda
494 1199 668 1264 sententiam
691 1198 822 1281 aliquam
842 1198 946 1275 effecit,
966 1199 1022 1262 sed
1037 1199 1108 1280 ,cam
1125 1195 1220 1276 ipsam
1242 1205 1340 1258 tamen
1359 1205 1472 1258 recum
1491 1215 1557 1258 esse
1576 1203 1676 1284 negat:
1701 1218 1757 1278 pro
1776 1201 1840 1260 nisi
1854 1201 1890 1260 ia
1907 1221 1965 1280 qao

255 1321 375 1402 judicii
398 1321 480 1382 ratic
500 1307 588 1380 aetat
609 1337 676 1382 esse
696 1316 800 1398 potius
822 1321 963 1396 oportere
990 1317 1055 1376 arbi
1076 1315 1130 1374 cui
1149 1311 1375 1394 aequabilitatis
1392 1316 1475 1376 ratio
1493 1322 1620 1376 comtat.
1663 1316 1719 1378 llic
1741 1317 1827 1380 Bruti
1847 1327 1965 1380 sentcn-

263 1438 345 1514 tiam,
368 1455 443 1520 qnae
463 1436 532 1498 luce
554 1434 666 1498 clarior
688 1435 735 1511 sit,
755 1433 854 1496 minus
874 1433 1054 1495 intellectam
1072 1449 1138 1494 esse
1160 1431 1258 1510 arguit
1277 1433 1492 1494 Herminones
1505 1452 1572 1500 esse
1594 1434 1672 1496 enim
1691 1435 1776 1510 hanc,
1801 1436 1965 1500 carendum

264 1575 330 1618 esse
353 1554 499 1629 Ciceroni,
527 1573 567 1616 nc
595 1553 621 1614 si
646 1558 720 1616 tunc
743 1553 839 1614 lamae
864 1558 953 1633 atque
980 1548 1182 1630 expectationi
1209 1547 1361 1610 bominum
1382 1549 1466 1624 desit,
1494 1552 1596 1630 priore
1616 1551 1667 1614 illa
1691 1531 1821 1614 fortuito
1836 1553 1965 1632 gessisse

264 1673 424 1736 videatur(
448 1673 530 1734 Itane
549 1671 644 1734 vero?
675 1670 794 1746 Cicero,
816 1667 903 1732 sortis
924 1667 1087 1749 aliquando
1107 1665 1138 1727 in
1160 1664 1315 1728 Catilinam
1336 1673 1367 1728 et
1390 1666 1419 1728 iu
1442 1667 1482 1730 Μ.
1500 1669 1672 1746 Antonium,
1695 1669 1720 1732 si
1743 1668 1841 1736 mollis
1861 1678 1892 1732 et
1914 1693 1964 1736 ue·

264 1790 377 1872 gligens
398 1790 504 1854 inisset
523 1793 554 1851 in
575 1789 780 1863 Octavianum,
800 1787 873 1869 quid
892 1786 1038 1848 dixissent
1055 1783 1211 1845 homines?
1239 1783 1342 1844 Utrum
1363 1783 1430 1860 hoc,
1450 1785 1574 1848 fortuito
1597 1807 1646 1850 res
1664 1787 1701 1848 ab
1720 1806 1756 1848 eo
1774 1795 1872 1866 gestes
1888 1809 1963 1866 esse,

262 1908 325 1970 siue
337 1907 465 1986 judicio,
485 1907 551 1968 sinc
567 1905 702 1988 ratione?
723 1925 761 1966 an
775 1925 849 1967 vero
865 1923 971 1985 parurn
991 1909 1075 1966 eerto
1089 1921 1157 1962 eum
1176 1919 1243 1962 esse
1259 1899 1386 1994 judicio,
1410 1901 1582 1966 discessisse
1602 1923 1669 1964 eum
1685 1904 1723 1966 ab
1742 1924 1786 1981 ea,
1807 1927 1865 1988 qua
1879 1907 1963 1987 prius
2040 1894 2046 1902 ¹

261 2031 406 2100 uteretur,
433 2023 580 2085 sententie
600 2022 619 2088 i.
642 2043 668 2088 e.
689 2041 796 2103 parum
821 2026 1008 2084 constantem
1034 2021 1121 2082 esse?
1158 2018 1224 2080 Hoc
1253 2017 1370 2098 opinor.
1415 2005 1507 2100 idque
1532 2021 1629 2100 ipsum
1652 2021 1723 2084 dicit
1744 2025 1864 2100 Brutus,
1894 2046 1964 2088 cum
1991 2011 1994 2018 Δ

264 2141 358 2221 paulo
373 2147 455 2202 aute:
468 2139 591 2220 fortem
608 2149 638 2202 et
654 2138 783 2202 liberam
802 2141 953 2215 animam,
973 2155 1031 2218 qao
1047 2143 1077 2198 at
1095 2137 1204 2202 amand
1220 2142 1251 2196 et
1265 2155 1351 2198 nanc
1367 2137 1538 2198 cmmlaris
1559 2136 1774 2217 rempublicam
1792 2143 1963 2220 vindicasti,

265 2261 331 2320 sine
352 2259 526 2320 constantia
544 2264 576 2318 et
587 2257 802 2338 aequabilitate
821 2257 945 2318 arellam
960 2255 989 2336 ¹)
1008 2273 1067 2314 erse
1081 2255 1216 2332 patarei,
1238 2261 1300 2314 tum
1322 2254 1380 2314 lice
1394 2253 1461 2332 ipso
1476 2253 1563 2315 loco:
1584 2257 1613 2316 ri
1621 2258 1964 2340 flexerit-judiciam

265 2393 371 2438 mura:
412 2371 560 2436 Habuerat
588 2375 680 2454 igitur
704 2374 867 2456 aliquando
891 2372 1048 2452 judicium,
1076 2370 1132 2433 sed
1154 2369 1291 2432 discessit
1313 2369 1351 2430 ab
1371 2389 1417 2446 eo,
1447 2371 1619 2434 inconstans
1647 2373 1719 2436 ruia·
1759 2378 1860 2452 Quare
1883 2389 1963 2440 recte

267 2491 466 2568 Marklaudue
494 2511 555 2554 uon
579 2498 662 2554 recta
686 2511 731 2568 ea,
760 2511 837 2573 quae
864 2497 1013 2572 tamquam
1038 2488 1124 2552 Bruti
1151 2488 1243 2552 verba
1263 2488 1417 2568 leguntur;
1450 2508 1519 2550 nam
1537 2488 1620 2556 eiiii
1640 2527 1679 2538 -
1702 2511 1760 2572 par
1778 2514 1808 2554 re
1826 2498 1965 2575 amptum

266 2619 309 2672 ast
328 2611 392 2672 mii
410 2611 446 2670 in
464 2629 523 2689 qao
538 2609 658 2691 judicii
679 2610 762 2668 ratio
780 2615 867 2669 extat
888 2613 934 2670 est
954 2605 1036 2682 illud,
1058 2605 1141 2686 quod
1162 2607 1348 2667 Hermannus
1369 2603 1508 2684 explicet,
1535 2605 1607 2666 nibil
1634 2626 1725 2686 posse
1745 2630 1883 2690 magnum
1906 2615 1965 2676 dici

234 2743 239 2750 ·
260 2747 316 2808 per
329 2746 360 2787 ae
381 2726 495 2806 (idest,
517 2726 544 2788 si
564 2725 674 2802 solum,
696 2725 722 2787 si
744 2729 914 2804 separatum
932 2725 970 2786 ab
989 2722 1055 2786 aliis
1073 2726 1250 2802 spectetur),
1273 2721 1330 2784 nisi
1352 2722 1381 2784 id
1400 2722 1481 2803 quod
1502 2722 1685 2804 intelligatur
1706 2729 1870 2790 secuudum
1883 2731 1965 2807 judi-

262 2820 352 2920 cium,
369 2861 432 2904 non
454 2841 579 2904 fortuito
602 2842 734 2922 quodam
756 2840 868 2922 impetu
890 2849 1006 2921 gestum
1025 2859 1101 2903 esse.
1140 2839 1182 2902 At
1201 2838 1328 2914 facilius,
1346 2822 1434 2920 qnam
1453 2839 1645 2904 Marklandus
1667 2843 1794 2918 volebat,
1820 2848 1965 2909 sententia

262 2960 378 3024 restitui
398 2965 508 3040 potest,
532 2957 558 3020 si
577 2958 692 3022 scribas
710 2960 774 3019 nisi
792 2959 827 3020 ia
847 2978 905 3038 quo
916 2959 1035 3041 Jiedicii
1054 2959 1136 3020 ratio
1156 2955 1319 3036 tacitast)
1344 2957 1361 3018 i.
1383 2977 1407 3020 e.
1429 2965 1570 3020 constans
1591 2959 1629 3022 sit
1647 2959 1696 3046 vel
1719 2963 1876 3024 conveniat
1897 2984 1965 3026 cum

264 3078 414 3158 prioribus
439 3067 531 3138 robiis
551 3075 644 3156 gestis
656 3073 696 3155 ³).

266 3218 463 3232 -—-———-

266 3300 347 3360 Quasi
367 3312 429 3350 vero
449 3301 471 3350 si
491 3301 550 3365 quis
570 3299 641 3352 dicat
660 3297 797 3359 ancilia,
825 3314 897 3365 qvem
916 3305 991 3348 taeta
1006 3298 1118 3349 audacia
1135 3306 1160 3349 el
1178 3299 1351 3366 magnitudine
1367 3299 1396 3348 in
1412 3306 1508 3350 imam
1523 3299 1637 3363 deducit,
1662 3300 1689 3352 id
1712 3297 1748 3350 iia
1764 3302 1862 3368 aliquis
1880 3305 1967 3367 possit

266 3392 341 3452 trieri,
364 3392 440 3456 quasi
458 3392 528 3442 idem
545 3393 580 3443 sit
593 3392 664 3457 quod
686 3407 757 3458 wem
774 3397 827 3440 tam
840 3389 964 3440 wdacem
980 3398 1005 3440 et
1023 3407 1141 3458 mapsam
1161 3391 1301 3442 exercitam
1315 3391 1426 3443 deduxit.
1456 3391 1592 3444 ablativus
1611 3393 1652 3444 ille
1670 3405 1719 3456 pro
1736 3395 1832 3444 natura
1851 3408 1900 3446 saa
1916 3409 1967 3448 nec

263 3484 297 3535 ad
315 3483 469 3546 subjectum
487 3497 539 3534 nec
556 3484 591 3534 ad
610 3482 743 3546 objectum
761 3483 884 3547 pertinet,
913 3482 961 3534 sed
987 3483 1020 3535 ad
1046 3484 1160 3535 verbum
1185 3485 1321 3549 dirigendi,
1350 3487 1427 3536 euius
1449 3484 1545 3536 modas
1572 3497 1604 3536 eo
1630 3485 1777 3544 indicatum
1807 3487 1878 3536 uliud
1904 3488 1966 3538 nibil

262 3581 353 3642 potest
364 3575 479 3638 intelligi.
505 3576 570 3626 Cum
585 3575 820 3642 igiturraapaitndc
839 3589 888 3639 par
903 3589 933 3626 se
948 3576 1115 3640 intelligenda
1129 3579 1175 3637 sit,
1194 3577 1359 3642 relinquitur,
1380 3580 1411 3627 ut
1428 3577 1496 3628 maie
1512 3577 1578 3627 baec
1595 3577 1666 3626 dicta
1685 3589 1745 3626 esse
1766 3577 1950 3633 confiteamur.

413 3666 438 3730 1)
456 3667 485 3717 ln
503 3667 543 3718 bis
560 3681 665 3734 quoque
683 3673 776 3719 notam
793 3668 934 3721 deterioris
952 3669 1088 3721 latinitatis
1104 3671 1305 3734 deprehendere
1324 3670 1388 3720 mihi
1404 3669 1505 3722 videor.
1535 3669 1682 3733 Oportebat
1700 3664 1754 3722 dici
1769 3667 1853 3730 albiti,
1871 3668 1967 3721 callias

261 3760 340 3829 pretii
361 3775 421 3820 eise,
447 3760 487 3812 vei
509 3761 605 3828 perire,
628 3760 773 3828 peritvnrm
799 3760 841 3810 vei
864 3760 963 3825 aliquid
982 3763 1074 3814 simile.
1116 3764 1169 3814 Sed
1188 3765 1249 3830 quis
1266 3764 1357 3826 potest
1375 3761 1428 3812 boc
1445 3762 1597 3824 intelligere,
1618 3759 1803 3824 tortitudines,
1824 3765 1967 3828 queminus

264 3852 445 3904 debsonrtrccit
462 3851 562 3913 Cicero,
581 3852 635 3902 riae
652 3851 799 3902 contentia
815 3849 914 3901 nuliam
934 3855 1008 3903 erae?

411 3945 437 4011 2)
457 3947 514 3996 Non
532 3947 588 3997 siae
607 3957 690 3996 causa
708 3945 846 3996 Ernestius
864 3946 1063 4008 conjunctivum
1084 3947 1250 4010 postulabat3
1270 3949 1298 3996 et
1313 3945 1368 3996 tero
1387 3957 1466 4008 aegre
1484 3943 1656 3995 indicativum
1675 3946 1757 3996 etiam
1774 3949 1801 3997 in
1812 3947 1899 4008 Bruto,
1920 3950 1968 4000 sed

267 4039 322 4089 tero
341 4041 437 4091 tamon.

412 4128 438 4193 3)
459 4131 533 4182 tddo
552 4131 678 4181 nonnulla
699 4130 733 4180 de
752 4129 801 4179 aiio
821 4129 879 4180 loco
897 4130 975 4193 hujus
996 4129 1134 4192 epistolae,
1156 4131 1182 4178 in
1200 4143 1254 4195 qao
1272 4129 1351 4193 paulo
1369 4130 1493 4193 iniustius
1510 4129 1679 4181 Marklandus
1696 4131 1804 4182 videtur
1823 4133 1968 4196 vituperari

265 4223 299 4274 ab
317 4223 467 4274 Hermanno
486 4236 511 4286 p.
529 4220 573 4272 17:
603 4223 647 4274 bic
666 4225 740 4272 certe
762 4235 812 4271 nec
831 4223 896 4272 satis
914 4221 1045 4282 intellexit,
1070 4223 1096 4270 in
1115 4235 1168 4286 quc
1187 4223 1227 4272 ilia
1244 4222 1374 4282 haereret,
1398 4233 1448 4272 nec
1467 4219 1649 4270 difficultatem
1666 4222 1753 4274 solvit.
1786 4223 1883 4275 Brutus
1902 4225 1967 4278 haec

264 4315 342 4366 dicit:
373 4329 423 4363 noa
444 4313 571 4374 existimo,
595 4321 647 4364 tam
670 4329 753 4362 omnes
778 4311 836 4362 deor
861 4327 963 4361 aenam
988 4327 1041 4362 erae
1058 4327 1075 4361 a
1091 4311 1176 4362 salute
1193 4312 1284 4381 popuii
1303 4312 1421 4373 nemea,
1447 4318 1476 4362 vt
1500 4311 1621 4361 Octacias
1638 4311 1750 4363 orandas
1767 4315 1866 4383 rit-pro
1885 4315 1968 4366 salute

265 4409 412 4474 cadiaqaam
428 4407 497 4469 eicis,
518 4423 569 4457 non
587 4405 671 4456 dicem
689 4421 737 4472 pra
757 4402 935 4453 liberatoribus
953 4403 1022 4454 orbis
1040 4412 1175 4457 terrenam.
1214 4407 1382 4458 Marklandus
1403 4419 1452 4470 pro
1472 4420 1523 4454 aaa
1539 4403 1623 4455 dicam
1642 4406 1813 4459 desiderabat
1831 4413 1904 4460 recte
1920 4423 1966 4458 ae·

265 4501 331 4553 dien.
371 4499 540 4551 dermannus
561 4505 650 4551 autern
671 4498 766 4550 eadem
791 4497 982 4560 significatione
1008 4499 1090 4548 nautio
1114 4498 1222 4561 saepius
1245 4500 1317 4564 apud
1336 4501 1491 4550 Ciceronem
1512 4511 1572 4550 esse
1594 4513 1644 4546 aaa
1661 4497 1745 4550 dicam
1766 4502 1806 4552 vel
1825 4515 1875 4549 noa
1894 4499 1966 4550 modo

265 4607 325 4646 esse
340 4595 438 4664 namet,
457 4604 508 4642 neo
527 4591 549 4642 si
567 4591 630 4642 illud
647 4591 804 4654 plerumque
818 4590 843 4638 in
860 4589 949 4651 priore
963 4590 1111 4640 sententiaa
1128 4590 1250 4642 membro
1267 4593 1418 4653 collocetur,
1436 4591 1523 4641 minus
1537 4590 1598 4642 ideo
1611 4590 1776 4654 probabilem
1790 4592 1968 4644 inversionem

266 4701 333 4749 csse,
358 4687 521 4753 quinetiam
538 4698 589 4732 aaa
604 4681 676 4732 arada
696 4683 803 4746 saepius
822 4681 848 4729 in
866 4683 1017 4742 posteriore
1037 4679 1158 4732 membro
1181 4683 1338 4734 invenietur.
1372 4683 1429 4734 Hoc
1451 4684 1547 4748 ipsum,
1566 4683 1639 4746 qnod
1660 4683 1798 4748 probabile
1816 4697 1876 4736 esse
1894 4685 1967 4747 dicit,

266 4781 344 4832 velim
369 4777 517 4844 probasset
539 4774 659 4837 exemplo
684 4775 860 4826 dermannus.
903 4774 947 4824 Sic
967 4775 1037 4824 enim
1057 4772 1182 4840 equidem
1203 4777 1231 4824 et
1249 4777 1344 4826 nature
1362 4777 1401 4825 rci
1421 4779 1607 4840 comparatum
1624 4791 1686 4832 esse
1702 4783 1730 4829 et
1749 4791 1799 4828 usa
1817 4777 1969 4830 confirmari

268 4873 353 4934 video,
371 4874 402 4922 ut
420 4868 571 4920 inversione
589 4866 630 4916 illa
647 4863 718 4917 tacta
735 4877 871 4942 nrinquam
888 4879 939 4914 arca
954 4864 1045 4928 dicam,
1064 4865 1112 4916 sed
1127 4880 1159 4914 aa
1173 4864 1264 4928 dicam,
1284 4880 1333 4931 pro
1351 4881 1382 4918 ao
1397 4869 1469 4932 qaod
1486 4869 1552 4919 alias
1568 4872 1611 4920 est
1628 4885 1660 4920 ae
1674 4873 1716 4924 vel
1733 4869 1832 4930 mlum,
1848 4875 1969 4936 ponatur.
