4650 5882
1110 649 1159 724 39

277 857 418 940 cupienti
440 854 511 920 nihil
533 859 682 928 eserrmu,
712 851 765 933 qni
787 849 851 927 jem
875 853 1066 912 contemnere
1093 848 1253 908 Gnesnrem
1280 845 1438 926 coepisset,
1467 864 1654 910 concessum.
1695 846 1764 910 Nec
1787 853 1867 913 certe
1893 865 1980 912 usum

279 997 355 1040 sum
379 995 444 1038 esse
465 971 604 1038 ovatione
626 969 684 1047 ille,
706 968 733 1030 si
758 987 818 1050 que
836 967 865 1030 ei
892 964 1053 1048 eliquendo
1076 963 1177 1028 oblate
1207 971 1268 1040 est,
1296 968 1413 1026 constet
1440 983 1478 1025 ex
1498 964 1621 1028 Sueten.
1644 965 1749 1058 Octnv.
1771 983 1796 1026 c.
1820 967 1871 1030 2⁴2.
1911 965 1981 1043 Qui,

282 1095 313 1158 si
329 1114 393 1156 rem
414 1100 496 1154 recte
518 1089 701 1164 consideres,
731 1105 771 1148 ne
795 1084 896 1166 potuit
920 1083 1040 1165 quidem
1068 1081 1121 1144 illo
1151 1088 1286 1162 tempore
1318 1081 1536 1160 concupiscere
1559 1081 1700 1162 triumphi
1736 1081 1858 1164 aliquod
1878 1101 1982 1162 genus,

281 1233 356 1276 cum
377 1218 408 1274 et
427 1215 530 1292 spreto
550 1205 629 1270 omni
648 1205 778 1268 vonitete
800 1203 959 1279 bonorum,
982 1199 1086 1264 similis
1108 1199 1138 1260 in
1158 1219 1194 1262 ee
1213 1219 1247 1262 re
1268 1199 1347 1280 petri
1368 1219 1424 1262 suo
1446 1197 1577 1276 Caesari,
1600 1219 1692 1262 unum
1707 1200 1771 1278 jem
1793 1198 1983 1262 consulatum

283 1335 465 1414 sequeretur
486 1334 517 1388 et
542 1323 665 1387 Antonii
694 1321 855 1387 amicitiem
883 1329 1027 1401 appetere
1054 1317 1208 1398 inciperet,
1240 1319 1369 1380 futurem
1400 1316 1599 1382 difficiliorem
1632 1317 1670 1380 ed
1701 1317 1929 1400 assequendum,
1956 1317 1983 1380 si

287 1446 470 1526 triumphum
493 1445 529 1506 de
551 1463 588 1506 ec
608 1443 727 1526 egisset.
771 1445 873 1521 Quare
894 1458 963 1502 cnm
982 1455 1039 1498 nec
1056 1435 1133 1500 nlius
1154 1437 1310 1520 quisquam
1330 1441 1464 1498 veterum
1485 1435 1564 1498 idem
1582 1441 1683 1498 narret
1704 1455 1760 1498 nec
1786 1454 1836 1498 res
1859 1441 1910 1498 eut
1926 1453 1983 1516 per

288 1585 322 1630 se
342 1564 408 1646 ipss
427 1561 592 1644 probabilis
609 1565 661 1623 ent
681 1559 848 1622 Octaviano
869 1553 1010 1637 optabilis
1030 1553 1130 1630 luerit,
1151 1574 1189 1617 ex
1204 1551 1412 1618 declamatoris
1425 1553 1543 1634 ingenio
1559 1537 1754 1616 videturesse
1766 1554 1911 1634 protecte,
1931 1551 1983 1633 qui

288 1703 357 1747 curn
378 1687 488 1758 nosset,
511 1699 550 1743 ex
571 1677 690 1740 dnobus
702 1675 791 1740 bellis
803 1673 939 1736 civilibus
951 1671 1035 1736 abeo
1049 1671 1219 1736 credonem
1232 1671 1359 1734 hobitum
1372 1689 1447 1746 esse,
1468 1689 1558 1734 unum
1573 1670 1604 1734 in
1617 1671 1677 1734 boc
1691 1669 1804 1732 bellum
1814 1670 1983 1734 Mutinense

285 1799 445 1864 transtulit.
485 1797 595 1879 Neque
615 1804 660 1858 est
679 1795 810 1858 obscure
830 1812 930 1868 causo,
949 1808 1005 1854 cnr
1020 1790 1094 1852 baec
1116 1789 1156 1852 ite
1176 1809 1194 1851 e
1210 1789 1362 1852 Cicerone
1383 1788 1504 1852 decretn
1523 1807 1590 1852 esse
1610 1789 1767 1870 fingentur.
1806 1789 1884 1852 Sunt
1904 1789 1983 1850 enini

285 1917 430 1997 deinceps
453 1917 542 1978 beer:
563 1916 629 1994 Ego
648 1919 749 1975 nutem
770 1943 809 1960 ·-
831 1910 915 1972 nort
932 1906 1012 1970 milri
1029 1906 1085 1970 doc
1105 1905 1182 1969 bello
1198 1907 1302 1969 videor
1318 1908 1440 1968 omnine
1453 1905 1482 1986 ¹)
1499 1907 1692 1986 prudentior.
1736 1905 1799 1972 Our
1816 1913 1920 1968 onum
1937 1907 1984 1968 ua

283 2039 335 2112 rit,
356 2033 556 2114 aperiendum
569 2051 633 2094 non
652 2037 704 2104 est,
723 2051 763 2091 ne
782 2031 883 2110 magri
903 2025 1174 2107 milearprocr'der
1181 2024 1290 2106 fuisse
1309 2044 1401 2105 quom
1423 2032 1543 2104 potus.
1587 2023 1706 2102 Quibus
1734 2023 1805 2106 quid
1823 2022 1984 2104 significari

286 2151 441 2213 dicemus?
482 2151 550 2212 lloc
572 2149 688 2231 opinor,
716 2147 810 2210 multo
834 2152 902 2208 ante
920 2163 953 2207 se
977 2140 1170 2225 praevidisse,
1193 2142 1354 2207 Caesarem
1379 2141 1487 2205 albore
1516 2141 1679 2222 petiturum
1705 2160 1772 2204 esse
1793 2140 1931 2223 ideoque,
1950 2147 1985 2204 ut

286 2269 337 2332 rel
363 2267 422 2331 sibi
442 2267 491 2330 vel
517 2267 700 2348 reipublicae
729 2271 859 2340 caveret,
890 2261 1002 2326 multos
1032 2267 1062 2324 et
1090 2260 1221 2342 insignes
1252 2260 1383 2322 honores
1412 2259 1442 2320 in
1470 2279 1539 2322 eum
1566 2259 1735 2322 contulisse.
1780 2259 1880 2340 Atque
1909 2258 1983 2320 boec

287 2384 445 2448 Ciceronis
464 2384 628 2465 prudentie,
657 2405 745 2468 qnnm
769 2403 807 2444 ex
828 2381 959 2458 historin,
972 2378 1068 2463 qualis
1089 2399 1108 2440 o
1129 2378 1217 2440 bonis
1241 2383 1271 2440 et
1296 2376 1500 2457 locupletibus
1523 2377 1695 2440 auctoribus
1714 2377 1848 2454 tridium,
1872 2373 1984 2438 nullam

287 2503 381 2572 fnisse
401 2503 510 2565 scbnus
529 2523 585 2565 nec
606 2523 675 2566 enm
694 2501 788 2581 magis
809 2497 935 2562 consilis
956 2496 1112 2562 Octcvinni
1133 2495 1299 2577 pervidisse
1320 2515 1408 2577 quem
1431 2501 1602 2558 ceterorum
1624 2515 1812 2577 quemquem
1833 2513 1901 2558 cnm
1921 2493 1984 2556 leu-

287 2621 383 2684 dendn
400 2626 430 2682 et
450 2620 681 2683 demonstrande
702 2638 770 2681 esse
789 2617 949 2693 videretur,
970 2621 1066 2678 toturn
1088 2613 1163 2676 illud
1185 2615 1222 2676 de
1246 2613 1386 2677 ovatione
1407 2613 1528 2676 decretu
1549 2613 1683 2676 additum
1700 2621 1755 2677 est
1798 2618 1986 2696 Quemquam

284 2737 316 2802 id
334 2737 405 2800 dum
426 2737 533 2818 egitur,
556 2757 661 2799 rursus
681 2736 829 2799 exciditur
846 2753 884 2796 ex
902 2753 948 2809 eo,
969 2732 1051 2816 quod
1071 2731 1127 2796 toti
1147 2731 1218 2795 hnic
1237 2731 1385 2813 epistolae
1397 2731 1587 2812 propositum
1600 2739 1655 2794 est.
1687 2733 1871 2809 Duneenim,
1883 2731 1984 2806 credo,

282 2875 393 2918 minue
412 2860 504 2930 erent,
524 2853 632 2934 quibus
654 2853 763 2916 Cicero
788 2853 896 2916 nimios
917 2853 1058 2928 honores,
1078 2869 1156 2932 quos
1176 2851 1361 2927 decreverat,
1388 2850 1485 2912 Bruto
1507 2867 1651 2912 excusare
1667 2856 1780 2930 posset,
1801 2856 1837 2912 nt
1857 2855 1908 2912 eut
1933 2848 1984 2910 de-

282 2979 471 3048 monstraret,
491 2971 557 3032 fieri
578 2991 639 3034 uon
657 2971 802 3052 potuisse,
827 2971 900 3054 quin
917 2970 959 3034 ite
980 2969 1221 3045 decernerentur,
1244 2976 1295 3031 ent
1315 2969 1356 3032 ite
1376 2986 1394 3028 e
1415 2964 1572 3047 republica
1590 2965 1681 3030 luisse
1707 2968 1840 3030 doceret.
1879 2964 1985 3030 Priore

285 3089 338 3152 ille
356 3089 472 3151 ratione
492 3110 561 3152 cunr
582 3110 676 3171 snpre
693 3109 767 3154 usus
789 3089 878 3152 sitin
902 3089 1067 3152 bonoribus
1089 3093 1157 3149 ente
1177 3087 1218 3151 Μ.
1237 3086 1402 3150 Antonium
1424 3085 1538 3149 victum
1560 3085 1698 3163 decretis,
1725 3087 1756 3148 in
1780 3085 1884 3160 eltern,
1908 3101 1984 3164 quoe

286 3205 435 3270 hocloco
456 3206 633 3286 explicando
645 3215 719 3287 eret,
737 3207 869 3270 deflectit
882 3207 921 3270 nd
934 3207 1069 3288 ineptius.
1098 3205 1149 3268 nit
1171 3203 1301 3266 enimse
1321 3224 1386 3266 enm
1403 3203 1538 3268 utilitatis
1559 3205 1704 3268 rationem
1723 3222 1874 3283 exponere
1893 3199 1985 3276 nolle,
2060 3220 2068 3240 ·

286 3345 324 3386 ne
343 3343 406 3386 non
427 3331 528 3403 gratus
547 3344 613 3386 esse
632 3325 777 3388 videntur.
816 3325 912 3408 Quasi
931 3345 1005 3388 vero
1027 3325 1082 3386 bec
1105 3323 1200 3403 gretie
1217 3322 1375 3384 referende
1393 3323 1435 3385 bl.
1455 3323 1552 3387 Bruto
1572 3321 1644 3384 setis
1665 3322 1766 3384 iecere
1783 3317 1928 3402 potuerit!

413 3441 535 3502 Dictum
547 3441 610 3520 jam
628 3461 720 3523 suprn
741 3452 806 3507 eret
827 3444 865 3506 de
885 3443 1013 3506 Decimo
1034 3443 1129 3505 Bruto
1148 3447 1179 3502 et
1198 3440 1236 3502 de
1256 3459 1372 3511 summo
1395 3441 1510 3502 honore
1531 3447 1600 3520 post
1617 3438 1773 3502 visionem
1787 3436 1986 3502 Mutinensem

286 3561 315 3624 ei
336 3560 447 3636 habite,
469 3564 504 3620 nt
523 3559 600 3622 'setis
627 3559 665 3623 de
686 3579 724 3623 eo
751 3561 920 3642 expositum
952 3579 1019 3624 esse
1047 3557 1205 3622 existimes
1255 3557 1371 3619 Verum
1397 3557 1562 3620 irreredibili
1591 3557 1719 3640 quidem
1739 3555 1913 3629 temeritate,
1933 3551 1985 3634 qui

285 3679 360 3741 bnec
380 3676 511 3759 scripsit,
532 3676 572 3738 ed
592 3679 719 3740 eundem
736 3681 775 3742 D.
805 3681 933 3742 Brutum
960 3679 1097 3754 retertur,
1125 3674 1304 3759 quemdum
1335 3695 1403 3738 cum
1429 3679 1463 3739 L.
1488 3674 1599 3738 Planco
1621 3673 1763 3755 conjugit,
1800 3673 1984 3736 diversorum

286 3795 415 3876 pertinum
436 3795 582 3872 homines,
603 3797 633 3858 in
654 3796 762 3879 quibus
784 3797 900 3862 honore
923 3796 1064 3860 ornandis
1085 3815 1147 3858 non
1165 3792 1243 3856 idem
1264 3794 1375 3856 sentire
1395 3793 1435 3856 M.
1455 3794 1581 3855 Burtmn
1600 3811 1657 3874 per
1675 3799 1748 3868 eret,
1766 3789 1845 3854 mele
1862 3807 1986 3868 compo·

286 3919 407 3974 nrmtur.
448 3915 486 3976 D.
507 3915 609 3976 Bruto
629 3915 748 3977 decroni
764 3915 903 3994 bonores,
917 3915 1040 3977 deornm
1060 3915 1100 3975 L.
1120 3913 1247 3989 Planco,
1272 3929 1371 3974 nonne
1394 3910 1435 3972 ite
1452 3929 1577 3990 prorsus
1595 3929 1628 3972 se
1651 3909 1769 3988 hebent,
1790 3907 1875 3990 qnnsi
1894 3925 1986 3986 snpra

286 4029 360 4092 nibil
381 4029 472 4092 luerit
494 4032 531 4094 de
549 4032 697 4097 Decimo?
717 4035 795 4095 Tum
817 4033 987 4096 Proecdrra
1005 4033 1064 4094 rtur
1084 4030 1203 4111 quadem
1225 4029 1361 4109 ingentii,
1373 4048 1450 4108 quoe
1465 4028 1570 4108 gloria
1591 4024 1985 4104 semproniensem

287 4150 380 4210 enirm
400 4149 520 4228 romeu
537 4158 601 4227 etc,
621 4151 731 4233 quibus
748 4150 821 4212 nibil
842 4155 944 4233 potest
964 4169 1032 4212 esse
1052 4148 1191 4230 ineptius.
1230 4145 1337 4209 Veleet
1363 4165 1455 4209 ceusu
1475 4145 1523 4209 bic
1544 4145 1635 4209 silete
1653 4144 1683 4206 iu
1706 4145 1739 4208 b.
1759 4141 1881 4220 Planco,
1903 4147 1983 4204 certe

284 4283 348 4328 non
369 4265 449 4327 uniet
469 4265 499 4328 in
519 4269 558 4333 D.
575 4270 683 4351 Bruto,
699 4269 753 4352 qui
775 4275 887 4332 tentum
901 4268 1013 4344 eberat,
1031 4273 1066 4330 ut
1085 4265 1252 4329 invitandus
1270 4269 1351 4328 esset
1370 4264 1409 4326 nd
1426 4283 1502 4339 enm,
1525 4283 1613 4347 quem
1632 4261 1741 4327 Cicero
1761 4261 1888 4339 dicebat,
1907 4273 1998 4322 remo-2

288 4452 487 4467 —-——-

437 4562 466 4632 1)
483 4565 583 4616 Eodem
603 4567 656 4617 hcc
674 4563 798 4615 sentiendi
814 4563 898 4616 verbo
919 4566 945 4616 tn
963 4565 1014 4616 hnc
1033 4565 1111 4629 penio
1131 4565 1233 4616 rariore
1251 4559 1366 4612 emend
1378 4559 1573 4624 significatione
1593 4561 1676 4613 utitur
1695 4560 1788 4612 Cicero
1808 4559 1842 4610 nd
1858 4559 1889 4608 Ι).
1909 4557 1981 4608 Bru-

286 4659 345 4708 tum
369 4656 463 4724 (Epist
484 4655 523 4718 11,
541 4653 584 4717 91,
601 4655 632 4724 l)
659 4654 711 4708 Sed
731 4666 813 4708 tanen
833 4672 889 4720 men
905 4673 948 4724 epo
965 4655 1096 4707 anensem
1113 4655 1144 4706 de
1161 4652 1210 4717 to,
1236 4653 1280 4721 qni
1298 4651 1424 4704 nereum
1444 4650 1572 4716 deberem,
1597 4651 1748 4702 sertenimr
1771 4649 1837 4714 scr-ri
1856 4655 1979 4716 oportere,

286 4746 362 4800 lida
378 4747 420 4800 illi
436 4749 482 4818 qni
498 4747 582 4800 ubet
599 4749 783 4804 mlo-anet.
