4650 5882
1158 655 1180 728 7

443 863 476 924 tu
505 859 592 941 primi
616 858 685 921 iibri
713 853 994 938 sextadecima
1021 853 1147 936 epistola
1173 856 1361 918 iter-manuus
1384 853 1560 918 Maridaudo
1591 855 1750 937 dupliciter
1774 855 1911 935 iujuriam
1938 855 2018 932 iaoit,

316 980 388 1064 quia
411 987 442 1042 et
461 978 490 1040 id
508 977 590 1062 quod
609 977 772 1058 praeeipua
787 973 840 1036 iiie
856 972 1050 1054 vitrrpararat,
1066 973 1186 1036 alentio
1203 973 1329 1055 prors'us
1348 975 1489 1055 praeterit
1507 981 1538 1036 et
1556 993 1592 1036 ea
1611 993 1688 1055 qnae
1704 973 1793 1038 habet
1805 973 1892 1036 nimis
1908 973 2018 1054 eupide

319 1099 458 1160 ridentur
479 1115 547 1161 esse
571 1095 727 1176 disputata.
771 1091 916 1176 Queritur
936 1091 1048 1154 Brutus
1068 1090 1107 1154 ad
1125 1089 1313 1171 Cioeronern,
1336 1091 1419 1175 quod
1436 1091 1524 1154 nimie
1551 1091 1651 1172 magui
1680 1097 1712 1154 et
1731 1091 1817 1154 multi
1834 1093 1966 1155 honores
1988 1089 2019 1154 in

317 1216 515 1280 Octavianum
537 1213 742 1276 ooniemoturr
767 1229 801 1274 se
821 1209 918 1274 multo
937 1211 1033 1290 majus
1052 1209 1168 1272 iaoinus
1182 1229 1287 1272 ausum
1300 1229 1366 1272 esse
1377 1211 1507 1273 Caesare
1519 1209 1695 1287 oooidendo,
1714 1230 1783 1272 oum
1794 1209 1845 1272 iiie
1854 1209 2018 1272 Antonium

315 1333 418 1411 modo,
439 1332 535 1396 multo
551 1331 649 1394 minua
670 1328 845 1405 timendum,
868 1348 955 1410 quani
967 1327 1080 1391 Caesar
1089 1328 1195 1404 iuerat,
1217 1327 1256 1390 ab
1272 1327 1349 1390 uriae
1363 1327 1513 1392 averterit.
1546 1327 1648 1410 Pergit
1665 1328 1725 1390 sio:
1747 1327 1792 1390 At
1804 1327 1881 1405 uide,
1902 1335 2018 1408 quanto

316 1447 1120 1532 ingemmeenamanrquaameaaeat,
1135 1445 1796 1526 qaairdatoaimoairatntqneairannirrit.
1828 1446 1876 1508 De
1891 1444 2018 1511 &entre

316 1585 396 1645 oero,
421 1567 503 1648 qnod
510 1567 591 1648 fieri
603 1566 712 1646 potarat
729 1583 767 1626 ae
789 1561 898 1640 deluat
921 1569 1113 1626 maetam
1133 1569 1185 1641 ert,
1208 1583 1304 1644 nequa
1314 1566 1385 1645 jora
1403 1564 1543 1659 reoooara'
1558 1566 1593 1626 a'a
1611 1565 1767 1644 integrum
1781 1570 1887 1644 potent.
1927 1563 1961 1626 ln
1982 1563 2019 1624 iie

317 1683 510 1750 iiarkimdue
530 1703 551 1766 p
574 1683 636 1746 Μ
658 1681 765 1744 ieviter
780 1687 810 1744 et
822 1680 903 1744 aliud
924 1699 1016 1761 egeus
1034 1679 1235 1761 reprehendit,
1254 1681 1337 1763 quod
1356 1681 1473 1744 dicatur
1488 1681 1666 1763 diligentiae
1676 1690 1824 1758 matema
1843 1678 2019 1743 adverbium

318 1804 395 1866 enirn
408 1803 574 1883 dile'geartoe
588 1819 650 1864 non
665 1817 757 1881 posse
767 1798 854 1879 jungi
865 1798 923 1862 uisi
938 1817 1007 1862 oum
1017 1797 1126 1875 verbis,
1142 1817 1207 1860 eam
1221 1817 1294 1876 rem,
1305 1817 1383 1886 quae
1396 1797 1427 1861 in
1436 1805 1583 1880 potestate
1597 1804 1701 1862 nostra
1714 1798 1760 1876 sit,
1775 1797 2017 1880 significantibus,

315 1939 408 2004 quiam
426 1939 495 2008 eum
512 1923 596 1980 reete
610 1916 727 1980 ditatur
743 1915 906 1996 dr‘lr'gmter
919 1913 1047 1978 tantm
1064 1920 1096 1979 et
1112 1915 1224 1978 aurae
1240 1921 1271 1978 et
1288 1917 1466 1994 minere,
1484 1917 1591 1981 iaisum
1604 1935 1672 1980 esee
1689 1917 1854 1998 diligenter
1870 1923 2016 1978 metuere:

315 2057 383 2102 esee
398 2035 572 2118 oportuisse
593 2041 708 2114 qnoato
724 2036 826 2114 magri
841 2033 978 2096 dominer
995 2041 1144 2098 mearam
1170 2035 1284 2096 Contra
1300 2035 1486 2098 itermaunus
1502 2055 1531 2116 p.
1546 2037 1585 2098 16
1603 2033 1718 2098 duabus
1732 2034 1898 2098 mtiouibne
1913 2039 2017 2096 certat.

315 2157 399 2218 iiaeo
414 2155 504 2216 habet
515 2153 658 2234 primum:
678 2149 780 2228 „Dixit
794 2149 971 2232 diir'gentem
983 2153 1028 2215 ad
1037 2151 1283 2232 pmpulrorrdnm
1293 2160 1408 2214 metina
1426 2151 1489 2216 Cio.
1504 2151 1727 2235 philippaeo,
1743 2153 1794 2236 qui
1808 2153 1834 2214 si
1847 2152 1878 2214 iu
1893 2151 2017 2233 propni-

317 2271 413 2335 sando
429 2279 514 2334 'metu
534 2269 682 2350 diligentia
703 2268 805 2348 utitur,
829 2269 859 2331 iu
872 2269 977 2332 eadem
995 2289 1085 2332 eausa
1104 2275 1134 2330 et
1150 2272 1255 2332 metuit
1270 2276 1300 2332 et
1314 2269 1439 2351 diligens
1451 2275 1505 2347 eet,
1524 2270 1572 2332 vei
1588 2271 1670 2353 quod
1689 2271 1766 2334 idem
1785 2278 1839 2346 est,
1859 2269 2017 2350 diiigenter

317 2389 377 2452 iroo
394 2395 441 2452 eet
455 2409 522 2452 oum
540 2386 690 2474 diligentia
706 2385 836 2450 metuit”
867 2388 901 2448 ln
915 2387 960 2450 his
974 2407 1012 2450 eo
1024 2386 1151 2449 maxiem
1166 2387 1286 2450 nomine
1304 2393 1411 2469 peooat
1423 2389 1617 2464 Hermannus,
1633 2388 1662 2467 ¹)
1681 2389 1773 2472 quod,
1792 2407 1869 2471 quae
1882 2386 2016 2450 substan

318 2505 381 2568 tivo
398 2525 464 2569 oum
479 2503 699 2587 praepositione
714 2523 787 2566 mma
803 2503 863 2565 diei
879 2505 1003 2585 possint,
1013 2504 1126 2567 ‘eadem
1141 2504 1284 2568 adverbio
1304 2505 1390 2569 reddi
1406 2525 1496 2587 posse
1513 2505 1669 2570 existimat
1710 2507 1804 2570 iteote
1820 2505 1929 2568 dieitur
1944 2521 2016 2584 pro·

308 2622 418 2705 sectae
431 2630 477 2684 ert
489 2643 560 2685 cam
575 2621 683 2683 auaro
697 2639 801 2682 reram
812 2619 1016 2701 sanctarena,
1030 2621 1125 2684 radri't
1133 2641 1202 2684 oum
1214 2623 1343 2702 lactina
1360 2643 1418 2686 neo
1429 2630 1526 2686 tamen
1542 2624 1645 2686 eadem
1657 2623 1803 2688 sententia
1815 2629 1897 2686 rente
1909 2621 2017 2684 dieitur

310 2739 472 2821 profectus
492 2747 536 2802 est
554 2738 661 2801 amede
678 2745 709 2800 aa
729 2737 821 2800 redet
836 2739 931 2812 laeta·
955 2739 1036 2802 atiud
1059 2739 1381 2804 aeternalitater
1401 2761 1470 2804 aaa
1492 2742 1632 2804 amma
1642 2713 1829 2823 sreqianan
1848 2741 2016 2816 mum,

314 2857 397 2920 alind
414 2855 826 2937 maamtsreqaenotatn05
848 2855 929 2919 aliud
941 2877 1047 2921 rursus
1064 2857 1157 2920 rediit
1174 2877 1246 2920 mam
1264 2877 1382 2940 magna
1400 2861 1581 2940 ignominia,
1603 2859 1685 2922 alind
1700 2859 1795 2921 rediit
1806 2857 2014 2940 lgnmaiom.

313 2975 463 3038 Nimirum
483 2972 670 3054 praepositio
690 2959 762 3034 mon
782 2973 929 3054 siguiiioat
949 2975 979 3036 id
1002 2975 1084 3058 quod
1102 2976 1271 3052 comitatur,
1289 2977 1371 3057 quod
1389 2985 1490 3060 potest
1509 2985 1562 3042 aut
1579 2979 1729 3060 pertinere
1746 2978 1785 3040 ad
1806 2977 1902 3058 ipsam
1923 2974 2016 3038 aetio-

316 3111 385 3154 uem
405 3098 457 3153 aut
474 3089 661 3154 extrinsecus
679 3091 763 3172 quasi
782 3091 943 3166 aooedere;
971 3093 1145 3157 adverbium
1162 3094 1203 3170 id,
1221 3093 1304 3176 quod
1324 3095 1355 3158 in
1374 3096 1438 3177 ipsa
1457 3097 1577 3160 aotioue
1594 3095 1725 3178 positum
1747 3096 1794 3158 sit.
1831 3100 1931 3177 Quare
1947 3111 2015 3156 oum
2125 3075 2130 3082 ’

229 3221 235 3230 ·
318 3207 415 3289 possit
434 3207 507 3286 fieri,
527 3215 561 3270 ut
581 3207 660 3271 idem
682 3207 778 3271 valeat
798 3209 983 3290 praepositio
1001 3216 1091 3294 atque
1110 3211 1292 3289 adverbium,
1313 3231 1501 3296 nequaquam
1514 3234 1646 3278 neeesse
1668 3212 1762 3292 est')
1796 3215 1900 3277 Potest
1916 3218 2014 3274 autem

317 3324 377 3387 dioi
399 3343 470 3386 enm
491 3323 652 3406 ᾰίἰιζωιτία
671 3327 761 3388 trinea
788 3325 807 3389 i.
828 3346 854 3388 e.
876 3327 915 3390 ad
939 3327 1076 3390 timorem
1103 3349 1202 3392 meurn
1227 3329 1345 3394 accedit
1373 3331 1533 3412 diligentia,
1562 3351 1624 3396 uon
1652 3338 1753 3414 potest
1771 3329 1831 3394 dici
1852 3329 2015 3410 diligenter

314 3443 414 3519 trinea
442 3440 513 3523 quia
537 3439 568 3503 in
595 3442 726 3518 timendo
753 3443 823 3526 ipso
853 3443 937 3506 nulla
964 3451 1065 3527 potest
1092 3447 1189 3510 inesse
1210 3448 1371 3529 diligentia
1412 3449 1480 3513 Neo
1501 3450 1576 3513 dixit
1599 3449 1639 3512 ita
1662 3450 1826 3533 quisquam,
1855 3447 1914 3511 nisi
1937 3448 2015 3510 iorte

314 3559 450 3623 oomious
470 3557 579 3640 aiiquie
598 3557 690 3621 risum
710 3561 840 3624 exaitare
858 3561 977 3626 notione
993 3565 1078 3645 quasi
1099 3567 1227 3648 quadam
1241 3569 1341 3630 timori
1362 3568 1520 3630 tribuenda
1541 3565 1645 3630 voluit
1660 3565 1689 3646 ³)
1729 3565 1833 3630 Altera
1854 3563 2015 3627 Hermanni

315 3677 392 3740 ratio
418 3677 494 3740 haee
520 3682 582 3739 est:
617 3696 699 3754 „neo
724 3677 750 3742 si
776 3686 887 3742 cautae
912 3683 1004 3743 trinor
1032 3689 1115 3745 reete
1141 3685 1249 3750 dieitur
1271 3687 1360 3750 Ovid.
1383 3686 1473 3751 Trist
1494 3686 1524 3763 3,
1546 3686 1575 3764 3,
1597 3687 1647 3764 65,
1677 3684 1827 3767 diligentia
1847 3694 1947 3747 autem
1966 3683 2016 3746 vel

464 3997 489 4064 1)
510 3999 652 4052 Praeterea
671 4001 743 4053 enim
760 4003 848 4067 ipsum
868 4005 1028 4070 exemplum,
1048 4022 1103 4074 quo
1120 4009 1211 4072 utitrur,
1228 4023 1325 4074 parum
1343 4013 1435 4077 aptum
1449 4013 1503 4074 eet;
1526 4025 1588 4064 nem
1608 4013 1634 4062 in
1652 4024 1685 4064 eo
1702 4010 1834 4074 diligentia
1852 4009 1967 4074 pertinet
1982 4008 2016 4059 ad

320 4091 535 4156 propulsandum,
562 4078 616 4143 non
640 4093 675 4146 ad
697 4093 829 4148 timorem.
872 4099 954 4159 Queri
975 4111 1048 4164 vero,
1075 4102 1149 4168 quod
1171 4105 1247 4154 reete
1268 4103 1373 4155 dicatur
1390 4105 1468 4170 jorio
1492 4109 1567 4172 apter
1587 4101 1623 4153 ad
1639 4102 1719 4153 tiaran
1735 4099 1905 4164 watoadm,
1932 4101 2015 4166 ooiiigi

319 4183 414 4246 possit,
434 4184 496 4234 item
512 4181 587 4236 'recta
607 4185 660 4236 diei
677 4190 737 4252 apte
753 4183 845 4238 ridere.

464 4295 489 4362 i)
508 4301 684 4354 Conseruntur
701 4305 823 4368 maxime,
838 4317 907 4371 quae
920 4319 1006 4370 nuper
1020 4310 1133 4371 patruus
1145 4322 1221 4362 meus
1236 4311 1384 4376 disputavit
1401 4315 1429 4366 et
1446 4313 1480 4366 de
1494 4313 1545 4365 hae
1563 4315 1591 4366 et
1608 4314 1642 4365 de
1660 4311 1738 4364 simili
1752 4323 1783 4362 re
1803 4310 1832 4362 in
1844 4311 2016 4376 grammatica

314 4402 365 4442 sua
384 4388 409 4456 §.
423 4386 481 4454 itt,
498 4395 527 4443 et
542 4393 661 4448 iiaudiue
677 4396 704 4445 in
722 4395 831 4448 Turseli.
849 4395 965 4448 Tamti.
983 4409 1010 4460 p.
1026 4394 1076 4450 152
1092 4412 1150 4467 sqq.

463 4504 490 4572 3)
517 4510 612 4564 Simile
636 4513 744 4577 propria
768 4512 838 4564 ratio
863 4511 913 4564 luit
930 4512 1052 4566 adverbii
1070 4513 1155 4579 aaut,
1178 4519 1251 4584 quod
1273 4533 1334 4573 erim
1351 4521 1498 4574 duratura
1515 4521 1635 4585 valendo,
1654 4533 1728 4583 usus,
1749 4520 1794 4585 qui
1814 4519 1884 4571 idem
1903 4518 2015 4570 iormam

316 4599 373 4662 eius
393 4602 535 4665 contraxit,
556 4616 588 4656 eo
604 4603 731 4666 traduxit,
748 4607 781 4655 ut
797 4604 878 4656 mam
896 4606 930 4658 iia
944 4606 1085 4661 vocabulis
1104 4609 1166 4661 addi
1185 4613 1279 4676 possit,
1301 4613 1328 4664 in
1345 4613 1443 4680 quibus
1460 4613 1530 4665 uuita
1548 4618 1638 4680 poteat
1656 4625 1716 4666 ease
1729 4611 1835 4664 valendi
1849 4611 2016 4677 significatio.

317 4691 370 4745 sed
394 4705 460 4744 uena
488 4697 517 4746 et
542 4697 709 4748 oooaoatudo
735 4697 841 4760 uagum
863 4697 916 4750 hoo
932 4699 1026 4764 ailant
1053 4703 1148 4768 qui'in
1166 4701 1296 4757 adverbio
1315 4703 1450 4774 dignata
1468 4707 1644 4760 demonstrari
1662 4721 1717 4758 uon
1734 4709 1832 4772 potest.
1867 4707 1952 4771 itque
1972 4705 2016 4756 iiio
2133 4723 2143 4738 ·

316 4785 375 4847 ipso
394 4783 525 4838 adverbio
540 4785 615 4838 ratde
632 4789 790 4854 pierumque
806 4789 901 4842 croam
919 4794 1027 4858 quidem
1047 4795 1132 4850 utitur
1148 4795 1182 4846 ad
1198 4795 1346 4862 elegantem
1362 4799 1477 4867 aliquem
1493 4800 1672 4852 urbanitatem
1689 4797 1896 4867 significandam.
1932 4797 2017 4848 Simi-

315 4875 427 4944 literque
445 4873 592 4944 usurpatur
610 4876 774 4932 amanter.
