4650 5882
1079 590 1126 663 13

1003 690 1202 705 ῃ

250 789 373 864 Brutus,
395 805 463 849 cum
487 805 654 867 pronomen
672 803 732 848 non
753 785 929 866 apposuerit
949 787 1050 863 modo,
1072 786 1232 850 sedetiam
1249 783 1464 868 anteposuerit,
1484 803 1574 848 nemo
1593 785 1729 850 dubitare
1747 791 1856 866 potest,
1877 784 1948 868 quin

251 905 396 984 privatam
413 903 534 966 Antistii
556 904 671 967 dixerit.

375 1020 446 1082 Dixi
464 1022 502 1083 de
522 1023 607 1084 Bruti
626 1021 764 1102 epistolis
782 1021 862 1098 satis,
882 1021 911 1084 in
932 1021 1041 1103 quibus
1063 1026 1093 1084 et
1109 1021 1197 1102 plura
1217 1021 1340 1084 ferenda
1358 1027 1451 1098 eraut,
1472 1041 1548 1103 quae
1563 1041 1600 1083 ex
1612 1019 1812 1084 Ciceroniana
1829 1019 1948 1102 quidem

253 1157 309 1201 usn
334 1138 435 1200 minus
461 1138 637 1200 benedicta
667 1159 734 1201 esse
763 1139 944 1216 viderentur,
975 1147 1005 1200 et
1033 1139 1182 1202 difficilius
1204 1138 1325 1201 omniuo
1348 1145 1411 1201 erat
1429 1138 1587 1218 judicium,
1618 1140 1687 1221 qnia
1707 1137 1798 1221 quale
1819 1138 1884 1216 ejus
1906 1137 1949 1198 di-

252 1373 317 1435 cari
337 1379 443 1452 potest
483 1372 659 1436 Severiores
682 1393 748 1436 esse
766 1373 940 1438 debebimus
962 1375 1079 1454 inipso
1103 1373 1261 1451 Cicerone,
1284 1376 1370 1454 cujus
1383 1374 1513 1438 latinitas
1534 1375 1606 1437 satis
1618 1379 1761 1445 notaest;
1782 1372 1834 1453 qui
1852 1371 1949 1434 sicubi

254 1511 355 1553 secum
381 1491 443 1570 ipse
464 1509 526 1552 non
547 1491 722 1567 consentiet,
752 1493 833 1570 justa
853 1494 968 1556 orietur
989 1492 1143 1556 dubitatio.
1187 1494 1251 1555 llac
1270 1494 1300 1554 in
1320 1499 1405 1572 parte
1423 1513 1530 1572 parum
1552 1493 1623 1554 milii
1644 1489 1788 1554 satisfecit
1805 1490 1950 1551 Herman-

254 1628 317 1684 nus‚
344 1607 395 1690 qui
419 1627 480 1670 uon
501 1608 596 1670 utitur
621 1628 658 1669 ea
678 1609 801 1688 ratione,
831 1631 891 1692 qua
910 1610 977 1673 sola
998 1609 1156 1672 Ciceronis
1174 1609 1301 1672 latinitas
1317 1610 1479 1690 judicanda
1500 1618 1554 1672 est
1596 1609 1737 1672 Testibus
1758 1609 1836 1672 enim
1857 1609 1951 1670 utitur

252 1726 342 1787 modo
366 1724 481 1802 Tacito,
514 1745 551 1786 ex
580 1746 641 1808 quo
669 1727 695 1788 si
723 1729 789 1808 quis
814 1728 886 1790 velit
913 1727 985 1810 quid
1013 1727 1043 1789 in
1071 1727 1219 1791 Cicerone
1247 1727 1405 1790 ferendum
1430 1727 1469 1790 sit
1496 1733 1548 1789 ant
1576 1746 1638 1789 non
1664 1727 1820 1790 ferendum
1848 1727 1950 1788 decer-

251 1862 336 1919 nere,
369 1843 469 1903 omuia
496 1844 699 1922 perturbabit,
732 1845 826 1907 modo
854 1845 952 1907 Plinio
986 1845 1123 1922 seniore,
1154 1845 1357 1908 eruditissimo
1384 1865 1456 1908 sane
1484 1843 1619 1922 homine,
1651 1845 1705 1906 sed
1736 1845 1822 1923 cujus
1852 1844 1949 1906 oratio

251 1961 363 2022 referta
383 1961 421 2022 sit
440 1960 578 2040 plurimis
597 1960 696 2040 rebus,
714 1967 873 2043 poetarum
893 1963 1041 2044 propriis:
1066 1963 1158 2024 semel
1179 1963 1256 2025 adeo
1280 1959 1325 2024 eo·
1337 1961 1500 2039 descendit,
1521 1983 1551 2043 p.
1566 1963 1617 2040 38,
1638 1969 1672 2024 ut
1692 1982 1730 2025 ex
1745 1961 1876 2024 Titinnio
1901 1982 1950 2024 co

250 2079 331 2140 utico
352 2078 435 2158 apud
450 2079 575 2140 Festum
594 2089 728 2160 apertum
742 2080 954 2143 soloecismum
970 2082 1050 2161 apud
1059 2081 1239 2144 Ciceronem
1257 2085 1384 2143 tueatur.
1413 2079 1563 2142 Nimirum
1578 2080 1609 2142 in
1630 2080 1802 2143 secunda
1823 2077 1950 2160 epistole

252 2194 324 2256 libri
343 2194 432 2275 primi
453 2197 528 2257 haec
548 2201 633 2258 sunt:
656 2198 796 2278 Quinque
817 2207 921 2260 autem
942 2197 1112 2260 cohortibus
1131 2199 1208 2278 quid
1231 2219 1261 2260 se
1280 2217 1354 2259 nom
1366 2197 1540 2279 facturum
1559 2197 1729 2260 arbitrante
1749 2205 1801 2275 ert,
1822 2217 1892 2258 curn
1915 2204 1950 2257 tu

253 2332 286 2374 eo
316 2313 348 2390 (i.
368 2333 393 2374 e.
415 2313 446 2374 in
466 2312 690 2397 Chersonneso)
719 2318 853 2396 quinque
872 2315 1173 2397 legiones-haberes?
1216 2317 1328 2378 Omnes
1353 2315 1459 2378 merito
1482 2317 1657 2393 haeserunt,
1691 2317 1773 2397 qnod
1803 2336 1840 2378 eo
1870 2321 1950 2376 esset

255 2430 386 2509 positum
404 2451 460 2510 pro
480 2431 524 2494 ihi
543 2432 633 2514 idque
655 2432 727 2494 ferri
749 2453 841 2513 posse
862 2440 1016 2514 negarunt
1038 2433 1098 2513 (Cf.
1115 2433 1516 2514 lland.'l¹ursell.llp.410.)
1550 2435 1591 2496 At
1608 2435 1796 2496 Hermannus
1817 2431 1951 2494 defendit

255 2553 372 2608 etcum
394 2549 565 2631 exemplum
585 2549 666 2612 aliud
687 2551 802 2614 nulum
833 2551 965 2614 invenire
986 2552 1142 2632 potuisset,
1172 2552 1334 2614 Titinnium
1364 2551 1449 2614 affert
1470 2570 1507 2612 ex
1529 2551 1622 2614 Festo
1651 2572 1681 2631 p.
1704 2553 1764 2616 302
1784 2552 1831 2614 ed.
1850 2549 1949 2612 Milli:

254 2665 330 2744 quid
343 2663 432 2726 hahes
453 2668 517 2727 ciri
537 2687 635 2727 onom
654 2688 760 2730 oroorn
790 2672 856 2732 rinc
873 2671 978 2732 clavi?
1003 2689 1037 2731 eo
1055 2671 1197 2732 mandor
1217 2669 1332 2732 condis.
1383 2669 1426 2730 ltu
1446 2668 1566 2731 videtur
1591 2669 1649 2731 sibi
1670 2669 1752 2749 apud
1773 2669 1950 2730 Ciceronem

253 2782 421 2862 quotidiani
443 2785 589 2846 sermonis
610 2784 818 2865 negligentiam
837 2792 949 2864 tenere,
974 2807 1062 2869 quam
1079 2787 1233 2850 Ciceronis
1254 2785 1409 2868 epistolae,
1427 2787 1601 2867 praesertim
1620 2786 1794 2849 festinanter
1812 2785 1949 2863 scriptae,

252 2905 287 2960 nt
309 2919 343 2961 ea
363 2901 400 2961 de
422 2921 482 2982 qua
500 2911 647 2981 ageretur,
668 2903 816 2967 interdum
845 2925 914 2968 cum
936 2905 1056 2986 antiqua
1078 2906 1235 2968 comoedia
1256 2923 1445 2967 communem
1469 2904 1620 2968 haberent.
1656 2907 1722 2967 lloc
1741 2904 1840 2984 ipsum
1862 2901 1951 2964 velini

257 3017 399 3096 exemplis
419 3017 669 3083 demonstrasset:
690 3041 771 3084 nunc
790 3041 852 3083 non
869 3024 969 3100 credo,
989 3043 1045 3084 nec
1065 3023 1104 3100 id,
1125 3024 1206 3105 quod
1229 3023 1379 3104 posterior
1394 3022 1491 3085 omnis
1511 3021 1640 3085 latinitas
1662 3025 1707 3102 (et
1722 3027 1839 3085 constat
1857 3020 1950 3082 altero

257 3134 378 3196 saeculo
401 3145 470 3216 post
493 3137 646 3201 Christum
666 3140 796 3220 plurima
824 3161 861 3204 ex
882 3147 1028 3205 vetustate
1057 3162 1123 3204 esse
1145 3141 1285 3221 repetita)
1307 3140 1430 3222 sprevit,
1459 3143 1541 3222 apud
1563 3142 1742 3204 Ciceronem
1759 3140 1832 3202 ferri
1855 3157 1949 3219 posse

257 3250 391 3332 intelligo
409 3253 446 3333 ¹).

379 3369 476 3433 Simili
495 3374 611 3436 ratione
633 3377 829 3453 Romaanus,
850 3376 899 3438 vel
919 3377 1085 3440 incredibili
1106 3377 1267 3458 cupiditate
1280 3376 1384 3439 harum
1400 3375 1593 3457 epistolarum
1614 3374 1865 3438 defendendarum
1886 3393 1949 3434 mo-

254 3493 301 3547 tus
321 3487 368 3549 vel
387 3508 513 3568 graecae
534 3489 665 3571 linguae,
678 3512 755 3575 qnae
775 3495 834 3556 lrcc
852 3495 883 3558 iu
903 3515 1012 3575 genere
1035 3495 1185 3576 aliquanto
1196 3496 1308 3574 majore
1323 3494 1460 3557 libertate
1479 3493 1581 3570 utitur,
1592 3491 1782 3556 similitudine
1800 3491 1948 3566 inductus,

254 3601 284 3664 in
306 3605 433 3686 epistola
453 3607 577 3670 tertia
596 3607 663 3672 libr.
685 3611 843 3676 lumnam
865 3613 1022 3676 Ciceronis
1047 3612 1222 3676 latinitatem
1243 3613 1356 3676 evertit.
1409 3613 1486 3674 Sunt
1513 3612 1554 3674 ibi
1582 3613 1671 3674 baec:
1702 3611 1752 3672 Eo
1772 3629 1842 3671 com
1863 3607 1896 3687 (i.
1922 3631 1948 3672 e.

259 3813 452 3827 ...m-„—

401 3967 425 4030 1)
442 3969 527 4033 Atque
545 3983 571 4020 in
590 3971 649 4034 ipso
666 3971 709 4021 illo
730 3973 836 4024 Titinnii
853 3975 975 4038 exemplo
995 3988 1158 4039 magnopere
1173 3977 1273 4028 erravit
1291 3974 1472 4026 Hermannus:
1491 3975 1599 4024 constat
1617 3971 1687 4022 enlm
1710 3971 1791 4022 latine
1810 3972 1861 4023 dici
1883 3987 1948 4022 coa-

255 4053 315 4104 dere
332 4056 361 4106 ia
378 4057 489 4125 aliquem
510 4058 601 4122 tomam,
620 4077 672 4114 non
690 4063 718 4113 tn
737 4062 823 4132 atiquo
842 4063 907 4128 loco,
927 4071 957 4117 ut
977 4083 1004 4117 eo
1023 4067 1111 4117 condis
1128 4071 1232 4120 rectum
1251 4080 1363 4132 prorsus
1383 4071 1411 4117 et
1429 4069 1587 4117 consuetum
1605 4067 1652 4124 sit.
1690 4063 1743 4114 Nec
1767 4065 1851 4127 magis
1868 4063 1948 4116 tidem

255 4149 278 4199 ei
295 4148 382 4199 habeo
400 4151 506 4202 docenti
524 4151 567 4202 nbi
586 4153 639 4205 dici
657 4170 707 4220 pro
724 4173 788 4223 qno3
808 4173 869 4210 nam
889 4159 961 4224 apud
982 4162 1036 4212 Cio.
1057 4163 1090 4214 ad
1108 4165 1159 4213 att
1177 4159 1203 4221 3,
1221 4158 1280 4222 8,3
1304 4157 1372 4226 pund
1389 4157 1492 4220 suades,
1517 4173 1549 4208 ne
1574 4156 1671 4222 inopine
1696 4154 1853 4206 decedamus
1870 4195 1876 4208 .
1894 4195 1899 4208 .
1917 4197 1922 4208 .
1940 4192 1948 4208 .

252 4245 316 4310 pcto
333 4256 373 4291 me
392 4241 431 4291 ita
448 4259 499 4294 erre
517 4246 661 4309 [securam
683 4247 729 4297 red
744 4247 794 4312 chi,
814 4249 933 4313 nondum
951 4257 1063 4317 propter
1085 4255 1172 4317 ipsam
1193 4254 1396 4304 familiaritatem
1422 4251 1550 4316 epistolae
1573 4249 1725 4300 faciendum
1748 4262 1808 4300 csse
1826 4253 1900 4313 puto,
1920 4252 1951 4300 ut

256 4335 471 4400 interpunctione
490 4339 631 4402 adjuvatur
651 4343 782 4392 sententio
803 4347 830 4395 et
846 4347 887 4398 sic
904 4345 1039 4398 scribatur
1058 4343 1110 4395 Sed
1125 4343 1190 4398 aii?
1209 4347 1234 4408 (i.
1253 4361 1277 4398 e.
1297 4345 1473 4408 manebimus)
1491 4342 1608 4394 Noniano
1621 4340 1710 4394 atomi.
1748 4341 1882 4406 Similique
1899 4355 1949 4392 ra-

258 4429 330 4478 tione
349 4429 475 4491 peccavit
495 4429 661 4485 Hermannus
680 4449 705 4498 p.
725 4429 767 4496 36,
789 4435 834 4486 ubi
859 4441 950 4489 tuetur
977 4439 1044 4489 haec
1063 4453 1094 4489 ax
1120 4453 1162 4502 ep.
1183 4439 1195 4490 l
1214 4439 1272 4490 libr.
1290 4437 1319 4489 2:
1350 4437 1394 4486 Eu
1411 4451 1451 4487 me
1468 4443 1552 4486 aaron
1570 4432 1638 4484 illud
1654 4441 1691 4484 eat
1708 4434 1883 4499 (quantopere
1899 4435 1950 4484 boc

256 4519 345 4582 ipsum
363 4520 460 4570 mirum
479 4525 621 4577 atriorum
641 4528 667 4577 in
681 4527 809 4578 Cicerone
817 4531 842 4591 il,
863 4531 931 4597 qnod
948 4537 973 4581 te
990 4529 1064 4580 aelim
1081 4527 1174 4580 holm
1193 4530 1418 4598 cognitamento
1436 4528 1535 4594 quidem
1551 4525 1664 4577 animiam
1679 4528 1714 4578 in
1735 4527 1844 4578 aciem
1863 4539 1949 4588 esse,

257 4613 328 4676 quod
344 4613 489 4664 lliddleton
507 4619 579 4668 recte
600 4620 715 4683 explicat
730 4619 853 4670 intentmn
872 4639 925 4672 ease
942 4622 970 4671 in
989 4623 1070 4672 adon
1087 4629 1111 4671 et
1128 4621 1220 4673 bellom
1237 4621 1383 4690 paredam,
1409 4622 1467 4685 ipsc
1487 4620 1579 4671 nescio
1600 4633 1655 4684 qua
1674 4621 1777 4671 rationo
1793 4619 1844 4669 alia
1862 4619 1950 4670 inter-

258 4709 366 4766 pretans
385 4711 526 4770 comparat
540 4713 604 4759 nota
622 4713 665 4762 illa
683 4711 712 4762 in
728 4711 860 4776 didonem
878 4715 906 4765 in
921 4722 1073 4783 potatorem
1093 4730 1146 4764 aare
1162 4715 1206 4776 (ci.
1227 4717 1282 4766 liv.
1299 4709 1326 4773 ⁸2,
1346 4710 1377 4764 lh
1398 4713 1488 4779 ibique
1509 4713 1608 4772 notas),
1633 4726 1707 4774 oum,
1727 4712 1858 4772 imprimis
1880 4713 1953 4775 apud

257 4795 421 4860 Ciceronem,
439 4811 526 4862 pauca
546 4813 578 4850 aa
596 4809 723 4870 certaque
744 4806 850 4859 dicandi
868 4823 966 4873 genera
985 4821 1045 4862 esse
1062 4811 1175 4868 constet,
1193 4808 1219 4856 in
1239 4807 1296 4857 toro
1315 4809 1341 4856 at
1357 4806 1385 4856 in
1405 4808 1479 4860 curia
1498 4803 1608 4854 usitata.
