4650 5882
1023 644 1222 758 -11-

271 863 364 926 posse
384 841 472 906 etiam
493 839 552 902 dici
583 837 767 902 aCiceroue
795 840 855 902 sic:
887 839 1039 902 1111111111
1057 841 1158 920 magis
1179 837 1368 919 probabatur
1395 837 1532 902 mauu
1558 838 1689 898 uictoriis
1718 855 1811 915 quom
1834 833 1970 916 Pompeji

272 963 307 1041 (i.
326 981 351 1026 e.
372 963 461 1040 iuga).
498 957 619 1020 Possint
638 957 668 1018 id
687 957 813 1020 tortasse
831 957 932 1020 dicere
954 959 1064 1020 comici
1081 957 1224 1020 irridendi
1241 977 1340 1033 mima,
1363 956 1449 1039 quasi
1465 955 1630 1036 Pompejus
1653 973 1773 1036 quoque
1788 953 1917 1036 aliquam
1937 951 1967 1014 in

273 1080 342 1160 iugo
361 1080 427 1159 ipsa
449 1077 610 1158 reportarit
630 1075 800 1137 victoriam:
822 1075 851 1136 in
873 1075 1023 1138 Cicerone
1042 1075 1122 1137 serio
1139 1075 1282 1158 loquente
1302 1093 1392 1137 nemo
1415 1075 1499 1136 ieret.

395 1199 554 1258 Praetereo
574 1192 688 1254 leviora
708 1192 861 1268 nonnulla,
882 1194 912 1254 in
936 1193 1045 1275 quibus
1064 1199 1165 1273 polest
1188 1193 1306 1274 species
1333 1191 1433 1273 aliqua
1449 1193 1550 1270 justae
1571 1191 1699 1252 tortasse
1719 1188 1904 1250 defensionis
1925 1187 1968 1248 io-

270 1315 374 1391 veuiri,
395 1331 527 1394 propero
547 1310 585 1372 ad
607 1329 703 1390 genus
727 1310 878 1391 quoddam
896 1310 944 1372 vel
962 1310 1193 1392 proverbiorum
1220 1309 1269 1372 vel
1298 1310 1497 1372 iormmamm
1518 1307 1716 1384 sollemnium,
1749 1327 1808 1388 qua
1826 1307 1969 1368 Herman-

269 1453 328 1496 nus
349 1431 450 1508 utitur,
471 1438 505 1492 ut
524 1449 569 1505 ea,
591 1447 667 1510 quae
688 1428 736 1489 vel
758 1427 790 1488 iu
812 1429 957 1491 sententia
975 1427 1024 1491 vel
1046 1428 1076 1490 iu
1098 1429 1190 1491 rebus
1212 1428 1286 1490 falsa
1306 1435 1384 1504 sunl,
1403 1435 1528 1490 tueatur.
1565 1428 1635 1504 Quo
1657 1425 1688 1488 in
1711 1443 1824 1505 genere
1844 1421 1968 1486 maxime

271 1547 469 1612 memorabilis
491 1557 537 1610 est
554 1546 642 1608 locus
664 1565 703 1606 ex
723 1544 850 1625 epistola
871 1545 1106 1608 duodecima
1126 1545 1194 1610 libr.
1206 1545 1228 1622 l,
1251 1544 1305 1608 ubi
1329 1545 1460 1624 Lepidus
1482 1551 1621 1606 narratur
1643 1550 1765 1624 repente
1789 1561 1851 1604 non
1870 1541 1969 1604 solum

272 1667 419 1746 recepisse
437 1665 580 1750 reliquias
602 1662 742 1738 hostium,
767 1661 820 1724 sed
846 1661 958 1724 bellum
984 1663 1163 1726 acerrimum
1190 1671 1274 1725 terro
1297 1665 1437 1744 mara'qrae
1464 1681 1579 1742 gerere.
1642 1660 1833 1724 Marklandns
1854 1679 1884 1738 p.
1907 1661 1967 1720 145

270 1785 427 1865 vituperat,
447 1783 530 1864 quod
549 1779 682 1862 Lepidus
705 1779 819 1842 dicatur
840 1782 925 1842 mari
947 1781 1076 1860 gessisse
1097 1779 1219 1855 bellum,
1246 1801 1335 1863 quem
1357 1779 1442 1844 nulla
1471 1777 1542 1840 navi
1564 1798 1651 1844 usum
1675 1799 1742 1842 esse
1764 1783 1889 1853 constat,
1911 1795 1968 1838 nec

268 1903 341 1978 scio,
365 1901 521 1984 quomodo
543 1897 574 1959 id
596 1897 752 1980 quisquam
770 1899 868 1978 possit
889 1898 973 1960 tucri.
1011 1897 1173 1962 ditaretur
1194 1900 1380 1962 llermauuus
1401 1919 1430 1978 p.
1454 1900 1509 1960 db:
1531 1895 1648 1958 solitam
1669 1917 1735 1960 esse
1757 1896 1916 1958 sormidam
1937 1897 1967 1956 in

268 2019 356 2082 bellis
381 2026 467 2080 tarro
487 2017 634 2094 marr'qua,
655 2014 845 2098 singidasque
867 2016 932 2094 ejus
955 2023 1056 2096 partes
1078 2035 1187 2098 urgere
1205 2018 1338 2098 ineptum
1359 2035 1434 2079 esse.
1474 2016 1541 2078 Nec
1564 2035 1621 2095 ego
1646 2015 1746 2078 hercle
1766 2013 1882 2094 urgebo
1906 2014 1967 2076 sin-

268 2135 356 2217 gulas
386 2143 488 2215 partes
515 2135 578 2212 ejus
605 2133 759 2210 formulae,
798 2133 853 2196 sed
882 2139 975 2196 totam
1002 2133 1195 2211 rejiciendam
1222 2153 1289 2198 esse
1321 2141 1460 2196 suoram:
1492 2141 1573 2196 certe
1604 2133 1682 2196 euim
1711 2131 1894 2212 isscriptor,
1916 2131 1967 2212 qui

270 2253 431 2316 formulam
451 2251 539 2315 talem
560 2249 601 2312 ibi
616 2250 746 2325 adhibet,
768 2250 820 2313 ubi
839 2249 939 2314 nullus
961 2252 1025 2329 ejus
1045 2251 1137 2314 locus
1157 2258 1210 2329 est,
1231 2251 1333 2332 inepte
1353 2252 1432 2315 iacit.
1466 2252 1542 2314 Rem
1564 2251 1720 2314 conficiam
1740 2269 1802 2314 uno
1828 2250 1966 2329 exemplo

270 2377 392 2434 nostrae
414 2370 524 2432 aetatis.
556 2366 652 2432 Solita
674 2375 721 2430 est
741 2369 823 2448 apud
842 2387 900 2430 nos
923 2368 1061 2445 formula,
1082 2389 1216 2451 pugnare
1238 2389 1295 2432 nos
1312 2389 1462 2450 proroga
1481 2371 1731 2451 otpropotria,·
1752 2368 1833 2430 idem
1853 2367 1878 2430 si
1900 2366 1966 2447 quis

271 2489 309 2551 de
328 2489 392 2551 cive
412 2487 571 2548 liberarum
593 2505 694 2548 rerum
715 2484 904 2565 publicarum
921 2487 1078 2549 Americae
1097 2486 1186 2562 dicet,
1208 2488 1315 2550 merito
1336 2488 1498 2549 ridebitur:
1532 2507 1589 2552 nec
1618 2487 1671 2550 illa
1698 2485 1892 2550 excusatione
1913 2503 1967 2562 po-

271 2606 340 2668 terit
358 2607 408 2682 nii,
435 2603 555 2666 solitam
577 2623 643 2666 eam
672 2622 739 2665 esse
770 2607 800 2664 et
822 2611 995 2666 cousuetam
1018 2605 1176 2668 formulam
1205 2605 1279 2666 nihil
1311 2605 1527 2685 significantem
1552 2605 1610 2668 nisi
1630 2625 1764 2686 pugnare
1781 2605 1821 2684 ¹).
1865 2601 1967 2688 Simile

268 2730 322 2800 est,
342 2723 424 2805 quod
442 2722 474 2784 iu
495 2721 626 2802 epistola
647 2719 735 2782 deci
747 2741 802 2780 ma
821 2722 1009 2785 defendenda
1027 2721 1137 2784 docere
1157 2722 1283 2786 instituit
1301 2725 1499 2786 Hermannus.
1537 2723 1582 2784 lbi
1604 2724 1683 2786 euim
1704 2723 1814 2786 Cicero
1841 2721 1878 2782 de
1897 2738 1967 2800 pro·

266 2841 399 2904 iectioue
420 2859 484 2916 sua,
505 2859 594 2921 quam
615 2837 742 2902 habebat
756 2838 787 2900 iu
806 2839 970 2916 Graeciam,
992 2839 1094 2902 diceus
1114 2840 1158 2904 sic
1179 2841 1297 2903 scribit:
1320 2842 1407 2902 Haec
1427 2859 1483 2920 ogo
1503 2841 1602 2902 multo
1619 2847 1692 2902 oute
1701 2841 1890 2919 prospicem
1902 2838 1966 2919 su

265 2955 386 3039 gabbam
407 2977 447 3018 aa
465 2959 569 3034 Italia,
592 2964 658 3018 tum
679 2976 750 3018 cum
768 2976 816 3017 mc
833 2963 1003 3018 uestrorum
1019 2957 1187 3030 edictorum
1199 2960 1301 3041 soma
1322 2959 1482 3022 revocavit.
1516 2962 1601 3022 Duas
1621 2977 1669 3022 res
1690 2958 1721 3019 iu
1733 2958 1779 3020 bis
1792 2956 1881 3020 falsas
1894 2974 1961 3018 esse

271 3076 452 3137 demonstrat
470 3075 633 3138 lilarlilaud.
655 3095 685 3154 p.
711 3074 770 3135 113
792 3093 829 3134 ex
849 3072 912 3137 Cic.
934 3074 1007 3138 Plril.
1032 3079 1058 3152 1,
1078 3077 1097 3138 3
1119 3081 1149 3138 et
1167 3077 1205 3137 ed
1227 3077 1287 3138 Ait.
1309 3079 1356 3154 16,
1379 3079 1426 3151 17,
1455 3079 1585 3157 primum
1613 3095 1676 3154 non
1701 3077 1779 3138 sama
1799 3074 1967 3138 edictorum

272 3200 384 3256 monim
413 3212 478 3256 esse
497 3193 685 3268 Ciceronem,
714 3191 769 3252 sed
789 3192 855 3272 ipsa
880 3193 977 3256 edicta
997 3193 1123 3256 adeum
1144 3193 1329 3270 allalaesse,
1361 3201 1423 3256 tum
1450 3213 1512 3258 nou
1535 3196 1628 3260 inisse
1650 3195 1757 3271 edicta,
1790 3193 1845 3254 sed
1865 3211 1968 3265 unum,

269 3309 357 3374 Bruti
375 3319 404 3372 et
422 3309 518 3372 Cassii
539 3329 705 3374 commune.
745 3311 791 3371 lle
813 3308 863 3370 illa
883 3329 916 3372 re
938 3311 1010 3372 nibil
1034 3313 1229 3388 llarmarmus,
1253 3311 1292 3372 de
1313 3311 1369 3374 hac
1389 3331 1501 3393 panca:
1524 3313 1554 3374 iu
1575 3313 1627 3376 illa
1646 3332 1724 3375 voce
1746 3309 1836 3374 edicti
1857 3308 1967 3371 utrius-

269 3449 327 3514 que
347 3428 462 3491 numeri
481 3429 545 3490 iere
567 3427 773 3509 promiscuum
791 3447 879 3488 usum
898 3427 991 3491 luisse
1009 3430 1113 3493 videri.
1144 3431 1228 3492 lianc
1248 3435 1358 3492 tantam
1377 3449 1441 3491 rem
1459 3430 1611 3492 existimes
1632 3428 1777 3510 exemplis
1790 3426 1963 3488 confirmari

269 3555 299 3611 et
318 3545 479 3610 luculentis
502 3553 531 3606 et
552 3545 649 3608 certis.
685 3547 726 3606 At
746 3545 932 3608 Hermauous
960 3546 1044 3608 affert
1071 3547 1121 3608 ille
1146 3547 1265 3632 quidem
1288 3553 1437 3628 quattuor,
1467 3547 1522 3610 sed
1548 3548 1579 3609 iu
1605 3545 1744 3609 omuibus
1772 3546 1809 3607 iis
1839 3542 1966 3624 pluralis

269 3685 326 3729 sno
341 3666 411 3744 jure
433 3671 463 3726 et
482 3668 564 3724 recte
584 3663 701 3743 positus
725 3670 780 3725 est.
794 3659 834 3742 ¹).

269 3785 466 3795 ——.

270 3839 318 3896 est,
346 3840 376 3886 ut
402 3835 430 3886 id
454 3836 529 3885 esset
552 3832 674 3895 signum,
698 3831 782 3896 magis
807 3831 927 3882 Clodium
956 3834 1066 3898 ejusque
1091 3833 1179 3884 socios
1205 3845 1265 3884 esse
1287 3832 1396 3894 liberos,
1420 3847 1499 3900 quam
1524 3833 1725 3898 rempublicam,
1745 3832 1884 3897 inquibus
1904 3831 1965 3881 nihii

269 3929 354 3993 hujus,
374 3928 480 3991 dequo
501 3926 623 3984 dicimus,
641 3921 692 3973 ioci
711 3924 795 3975 similo
812 3928 859 3975 est.
896 3925 1077 3990 Thucydidem
1094 3938 1160 3975 vcro
1180 3923 1223 3990 (11,
1242 3923 1276 3977 10
1299 3923 1344 3976 καὶ
1363 3921 1531 3978 cicerculae
1555 3921 1606 3998 οὐχ
1632 3922 1767 3995 ὁμολογεῖν
1784 3942 1832 3976 τινι
1850 3920 1965 3993 αἰσχρὸν,

269 4019 336 4072 ἀλλὰ
355 4019 391 4090 μὴ
409 4013 553 4087 διαφεύγειν
575 4014 641 4086 ἔργῳ
658 4011 770 4086 αἴσχιον)
789 4031 840 4081 qna
861 4019 963 4068 ratione
983 4017 1036 4068 huc
1052 4017 1192 4082 pertineat,
1214 4031 1325 4082 prorsus
1344 4032 1397 4070 non
1415 4019 1501 4070 video.
1528 4019 1556 4068 iu
1576 4021 1671 4071 eadem
1691 4021 1741 4071 hac
1754 4018 1865 4083 epistola
1885 4019 1965 4079 panio

270 4115 338 4166 inira
358 4114 425 4164 baec
442 4114 521 4164 suut:
541 4105 719 4170 (1111111111
734 4125 773 4158 ma
790 4109 902 4160 maimo
916 4109 968 4159 otio
983 4109 1071 4176 spiare,
1088 4117 1118 4160 at
1132 4110 1274 4160 insectarer
1291 4109 1417 4162 Antonios
1436 4109 1512 4176 idque
1529 4108 1629 4172 laudus,
1647 4110 1723 4161 eredo
1742 4111 1782 4164 ita
1804 4108 1886 4161 uideri
1912 4106 1963 4158 1111

269 4209 327 4258 Nou
347 4205 408 4256 dico
426 4203 499 4270 quod
514 4202 578 4254 iliud
594 4200 706 4252 mommo
726 4201 778 4251 otio
796 4204 922 4268 explicari
940 4203 1033 4267 nequit
1057 4216 1108 4255 nac
1132 4215 1239 4266 recuso,
1262 4206 1405 4268 quominus
1423 4205 1555 4256 Manutius
1574 4208 1648 4256 recte
1667 4204 1778 4254 mommo
1796 4203 1880 4254 araim
1898 4214 1965 4252 eor-

272 4301 375 4352 1111856
394 4297 533 4356 videntum
548 4293 598 4346 sed
614 4293 756 4345 molestum
778 4299 820 4346 est
834 4297 897 4348 iilud
913 4295 1001 4361 191111,
1021 4308 1070 4359 pro
1092 4310 1146 4360 quo
1162 4309 1222 4348 osse
1241 4299 1348 4360 oporiet
1361 4295 1459 4360 [111111.
1488 4297 1545 4348 Hoc
1562 4299 1632 4348 euim
1652 4297 1735 4349 verbo
1755 4311 1838 4360 saepe
1855 4297 1965 4347 utuntur

270 4393 405 4458 eleganter
422 4389 513 4452 optimi
532 4387 679 4450 scripturas
698 4386 732 4436 ad
748 4389 931 4450 explicandam
949 4389 1103 4440 orationem
1129 4391 1161 4438 At
1179 4395 1301 4454 opereat
1321 4391 1362 4442 ast
1380 4386 1513 4440 consilium
1529 4388 1720 4450 1111111111
1737 4404 1814 4455 opera
1829 4395 1867 4449 ai,
1884 4397 1963 4448 aqua

270 4484 401 4540 sententia
418 4481 495 4544 louge
514 4479 556 4531 nio
577 4479 652 4532 locus
670 4479 754 4530 abest

418 4581 447 4649 1)
468 4583 542 4642 Quas
561 4588 652 4633 autem
671 4587 808 4646 tanlquam
828 4583 923 4634 similia
939 4582 972 4634 ab
991 4583 1141 4634 Hermanno
1162 4583 1318 4645 afferuntur,
1336 4583 1439 4634 Sallust.
1459 4584 1515 4634 Cat,
1535 4595 1558 4634 c.
1578 4581 1618 4644 15,
1636 4585 1680 4648 qui
1700 4583 1826 4635 Catilinae
1845 4580 1963 4635 animum

270 4696 348 4747 usqae
363 4675 458 4746 uigiliis
470 4689 549 4740 aeque
568 4674 691 4740 quietibus
709 4672 796 4724 sedari
809 4674 922 4740 potuisse
938 4677 984 4736 nit,
1006 4678 1033 4726 et
1052 4675 1111 4726 Teo.
1128 4675 1194 4726 duo.
1217 4673 1256 4738 13,
1270 4673 1310 4736 37,
1331 4674 1376 4726 ubi
1395 4675 1464 4726 Nero
1483 4691 1531 4742 par
1546 4673 1619 4726 licita
1635 4681 1712 4742 atquc
1728 4672 1823 4725 illicito
1845 4669 1963 4738 foedam

271 4775 377 4834 dicitur,
394 4774 459 4824 suut
476 4768 655 4821 dissimillima.
693 4768 774 4830 Quasi
792 4770 838 4818 aut
857 4769 966 4820 Catilina
984 4768 1119 4833 quietibus
1139 4770 1258 4831 potuerit
1271 4767 1368 4830 sedari,
1381 4773 1427 4818 aut
1438 4769 1507 4819 Nero
1519 4783 1568 4833 por
1578 4769 1666 4820 illicita
1677 4781 1730 4819 uon
1741 4766 1820 4816 inerit
1832 4764 1961 4817 foedatus.

417 4870 448 4941 1)
467 4870 546 4937 Apud
563 4869 617 4921 Cio.
634 4883 660 4934 p.
678 4872 750 4922 Sext.
770 4866 803 4920 11
824 4885 883 4920 ecce
902 4869 948 4920 1111
967 4868 1064 4932 coemi,
1081 4876 1194 4936 praetor,
1213 4866 1326 4918 11111111
1344 4866 1425 4934 plebia
1444 4885 1511 4922 uoco
1530 4869 1589 4922 uoci
1602 4870 1701 4937 ganum
1719 4867 1803 4920 edicio
1814 4873 1962 4936 propalarat
