4650 5882
1149 553 1196 628 ln

320 753 536 818 ahlarhlando
562 777 590 836 p.
614 757 653 818 66
672 757 878 836 impugnatur,
908 753 946 816 ab
966 755 1137 817 Hermanno
1161 773 1191 833 p.
1213 755 1254 816 32
1282 754 1459 830 detenditur,
1489 775 1551 818 non
1577 763 1636 819 tam
1665 756 1704 819 ad
1729 757 1825 838 ipsam
1849 757 2022 822 latinitatem

321 872 449 952 pertinet
469 893 556 956 quam
578 873 674 950 adid,
701 861 783 956 qnod
802 881 904 954 aptum
924 879 976 936 est.
1018 874 1131 934 Brutus
1154 878 1331 951 personatus
1356 873 1430 936 haec
1454 873 1572 938 scribit:
1602 877 1648 936 Dc
1670 875 1805 936 Dorrrr'ta’o
1824 883 1856 936 ct
1876 875 2024 956 Apprrlejo

322 989 398 1068 qnid
423 993 537 1052 attinet
560 1011 608 1052 ma
636 990 771 1066 scribere,
799 1011 868 1052 cam
898 992 958 1070 r'prr'
977 1008 1035 1069 per
1061 1009 1092 1050 se
1118 987 1175 1050 tibi
1194 989 1482 1052 commendatissimi
1504 993 1590 1064 slot?
1623 992 1804 1071 Appuleyirm
1824 1013 1894 1055 nero
1914 999 1950 1054 ta
1968 1000 2025 1053 tan

323 1109 507 1170 cactordate
527 1112 674 1169 rmtrbcra
695 1107 785 1170 debes.
827 1107 890 1169 Sed
906 1107 1061 1168 Domitios
1082 1107 1117 1166 r'ra
1138 1126 1196 1168 ruo
1215 1107 1342 1186 epistola
1358 1106 1564 1171 celebrabitur.
1606 1108 1689 1186 Quid
1709 1108 1784 1172 illud
1804 1129 1872 1172 esse
1891 1111 2024 1171 dicamus

324 1224 359 1284 in
376 1245 433 1284 rna
452 1228 577 1305 epr'stola
598 1223 818 1290 celebrabitur?
846 1223 1029 1286 Sententiam
1046 1242 1134 1304 qnam
1155 1243 1221 1286 esse
1238 1229 1401 1302 oporteret,
1425 1245 1493 1286 cum
1512 1225 1577 1287 sine
1596 1225 1688 1288 dubio
1711 1225 1907 1290 intellexisset
1927 1229 2026 1289 hlark-

325 1340 440 1418 landae,
461 1351 523 1404 tum
547 1343 733 1404 llermannus
753 1343 908 1422 exposuit:
927 1341 1093 1402 Domitium
1112 1359 1174 1402 non
1195 1360 1262 1403 esse
1284 1341 1553 1404 commendandum
1574 1343 1629 1406 hec
1645 1341 1732 1406 Bruti
1750 1343 1894 1424 epistola3
1927 1344 2027 1424 ipsum

327 1457 413 1521 illum
429 1461 612 1540 scripturum
632 1479 698 1522 esse
715 1460 754 1522 ad
772 1460 949 1522 Ciceronem
969 1477 1061 1540 seque
1079 1457 1361 1520 commendaturum.
1407 1459 1493 1535 Quae
1509 1461 1654 1523 sententia
1674 1461 1827 1542 quomodo
1845 1460 1875 1520 in
1894 1462 1930 1524 iis
1950 1481 2027 1543 qnae

326 1574 473 1656 leguntur,
496 1576 596 1640 inesse
616 1577 721 1658 possit,
742 1597 798 1639 nec
819 1576 923 1638 docuit
941 1576 1127 1637 Hermaunus
1147 1593 1205 1636 nec
1225 1577 1337 1654 poterit
1359 1577 1516 1659 qnisquam
1540 1577 1660 1640 dooere.
1699 1577 1767 1640 Nec
1788 1578 1872 1660 qnod
1890 1578 1940 1640 ille
1958 1578 2027 1659 plus

329 1693 511 1756 difficultatis
531 1696 658 1757 existere
683 1695 756 1757 dicit
782 1715 819 1758 ex
843 1693 981 1756 universa
1003 1690 1160 1755 scribentis
1184 1691 1327 1756 brevitate
1350 1702 1381 1755 et
1401 1692 1590 1756 testinatione
1610 1715 1699 1777 qoam
1721 1713 1759 1756 ex
1781 1696 1943 1758 verborum
1962 1713 2027 1757 sen-

328 1812 428 1887 tentia,
456 1811 527 1874 satis
554 1819 604 1874 aut
633 1819 749 1874 rectum
774 1819 825 1874 aot
851 1817 954 1891 aptum
981 1815 1034 1872 est
1073 1809 1146 1872 Non
1168 1809 1246 1872 enim
1268 1810 1343 1873 tales
1362 1819 1432 1873 sunt
1450 1831 1554 1874 omnes
1577 1812 1632 1874 hae
1652 1812 1806 1893 epistolae,
1826 1811 1931 1894 quales
1953 1811 2028 1874 mul·

329 1936 377 1990 tae
399 1928 555 1992 Ciceronis
574 1929 770 2005 adriaticum,
790 1929 821 1990 in
839 1928 948 2010 quibus
964 1927 990 1988 si
1012 1926 1084 2009 quid
1106 1932 1152 1989 est
1173 1926 1333 1990 obscurius
1352 1928 1472 2014 dictum,
1495 1934 1526 1992 et
1543 1929 1740 2009 significatum
1759 1930 1853 2011 magis
1872 1949 1961 2013 quam
1979 1949 2028 1991 ex-

330 2044 484 2126 plicatum,
504 2065 682 2108 excusamus
704 2045 805 2107 facile:
829 2044 883 2108 sed
903 2046 959 2108 hae
979 2042 1126 2124 epistolae
1146 2063 1260 2106 summa
1277 2065 1350 2106 cura
1369 2057 1399 2108 et
1417 2045 1572 2126 elegantia,
1597 2065 1632 2108 ea
1653 2047 1781 2129 quidem,
1805 2067 1880 2130 qnae
1893 2047 2030 2110 videatur

332 2182 405 2240 esse,
426 2165 551 2240 nonsit,
573 2163 750 2239 elaboratae,
767 2163 792 2224 si
813 2163 885 2246 quid
903 2161 961 2224 tale
979 2163 1096 2236 habent,
1116 2161 1223 2224 merito
1244 2161 1439 2225 offensionem
1457 2169 1586 2226 movent.
1621 2165 1654 2224 ln
1675 2163 1883 2226 undecima
1902 2162 2031 2244 epistola

332 2300 408 2361 qnae
424 2281 624 2343 defenduntur
641 2281 678 2342 ab
694 2281 864 2342 Hermanno
882 2301 910 2360 p.
924 2281 974 2356 352,
997 2280 1090 2360 magis
1109 2297 1159 2340 res
1179 2299 1268 2360 quam
1286 2279 1459 2342 latinitatem
1475 2280 1630 2360 attingrmt,
1651 2283 1689 2344 de
1702 2283 1811 2365 quibus
1823 2283 1919 2344 dicam
1932 2288 2030 2342 nmen

334 2405 364 2458 et
387 2397 453 2477 ipse
470 2399 529 2460 hoc
552 2398 633 2474 loco,
662 2398 730 2479 qnia
750 2398 800 2460 ille
823 2397 905 2461 dixit.
949 2400 1061 2460 Brutus
1080 2397 1182 2459 laudat
1205 2395 1366 2459 Antistium
1384 2399 1525 2460 Veterem
1547 2397 1610 2478 (vel
1628 2405 1661 2461 ot
1682 2399 1747 2480 ipse
1768 2419 1806 2462 ex
1828 2419 1915 2460 more
1936 2398 2030 2478 magis

333 2520 491 2593 argenteae
512 2536 600 2598 quam
621 2515 835 2578 Ciceronianae
857 2515 1009 2578 latinitatis
1032 2513 1136 2577 scribit
1164 2515 1295 2576 Veterem
1316 2514 1501 2595 Antistium)
1527 2516 1584 2578 sibi
1608 2515 1690 2580 ultro
1718 2527 1748 2578 et
1772 2515 1942 2598 pollicitum
1964 2536 2031 2579 esse

335 2637 365 2692 et
386 2632 504 2694 dedisse
531 2635 585 2695 Ha.
604 2637 668 2695 XX
686 2655 724 2695 cx
745 2655 802 2695 arra
816 2635 962 2713 mannia.
1003 2633 1086 2693 Hanc
1110 2631 1269 2712 pecuniam
1298 2651 1336 2692 ex
1361 2631 1519 2694 Plutarcho
1540 2635 1625 2698 Brut.
1645 2655 1671 2696 c.
1691 2635 1731 2696 25
1747 2635 1773 2711 ¹)
1801 2639 1919 2696 constat
1939 2635 2031 2697 inisse

335 2750 495 2831 publicam,
523 2752 688 2834 meritoque
716 2752 874 2814 offenditur
894 2748 1088 2812 lilarklandus
1114 2770 1144 2830 p.
1165 2753 1233 2826 151,
1262 2748 1344 2832 quod
1368 2769 1403 2811 ea
1426 2770 1446 2811 a
1464 2751 1561 2813 Bruto
1586 2751 1738 2815 diceretur
1760 2751 1881 2815 Antistii
1902 2752 2032 2832 pecunia

337 2868 438 2932 fuisse.
473 2873 587 2930 Contra
606 2871 793 2932 Hermaonus
815 2891 845 2950 p.
866 2871 905 2933 33
929 2867 1068 2947 disputat,
1095 2867 1181 2929 etiam
1204 2887 1270 2928 eam
1291 2867 1458 2947 pecuniam,
1489 2889 1577 2949 quam
1598 2870 1666 2950 quis
1688 2889 1746 2950 pro
1766 2869 1922 2948 republica
1941 2869 2032 2932 admi·

336 2985 449 3061 nistret,
467 3005 559 3064 posse
579 2986 638 3047 dici
656 2985 782 3065 alicujus
796 3006 871 3050 esse.
903 2984 996 3062 Quod
1016 2983 1082 3065 quis
1102 2992 1191 3064 neget
1210 3003 1302 3066 posse
1322 2984 1482 3066 aliquando
1503 2992 1583 3046 recte
1600 2986 1685 3050 fieri?
1706 2985 1769 3048 Sed
1783 2987 1841 3048 hoc
1856 2986 1927 3048 loco
1944 3007 2032 3070 quae·

336 3103 420 3178 ritnr,
440 3122 510 3164 nom
532 3110 612 3164 recte
633 3103 739 3182 possit.
779 3105 845 3166 lam
865 3103 1003 3185 equidem
1021 3121 1099 3182 nego
1122 3121 1221 3183 posse.
1262 3101 1426 3178 „Antmtins
1454 3103 1570 3182 optimo
1597 3109 1643 3165 est
1663 3103 1777 3177 animo;
1811 3103 1950 3186 quicum
1970 3106 2034 3166 Do-

335 3219 461 3282 labellae
489 3239 605 3283 summo
636 3241 704 3282 cum
731 3221 947 3301 periculosae
976 3219 1121 3283 noluisset
1149 3219 1307 3300 pecuniam
1334 3220 1414 3298 dare,
1444 3221 1515 3282 mihi
1538 3219 1620 3282 dedit
1647 3239 1684 3282 ex
1712 3239 1766 3282 sua
1792 3220 1948 3303 pecnnia.’'
1990 3223 2034 3283 lta

337 3544 388 3610 aaa
407 3558 484 3611 meat
502 3559 603 3610 traduci
622 3558 658 3610 ad
674 3557 745 3609 mala
764 3557 873 3610 corallia
891 3566 1039 3628 corruptam
1056 3555 1232 3625 largitionibus
1253 3557 1369 3609 animam.
1409 3559 1499 3609 Haesit
1516 3559 1684 3611 blarlalandus
1707 3574 1733 3624 p.
1750 3557 1784 3612 53
1803 3561 1829 3609 in
1848 3555 2035 3624 largitionem,

339 3666 405 3716 quas
425 3667 440 3702 a
459 3651 596 3704 veteribus
613 3651 730 3716 negabat
747 3653 856 3716 intelligi
874 3666 955 3716 posse
974 3654 1025 3706 nisi
1043 3653 1077 3704 de
1094 3653 1222 3714 pecuniis.
1255 3650 1291 3702 At
1309 3651 1476 3702 llermannns
1494 3665 1519 3714 p.
1540 3647 1571 3700 tt
1593 3665 1627 3703 ne
1643 3653 1765 3716 potuisse
1786 3649 1895 3716 quidem
1914 3651 1977 3702 addi
1999 3655 2036 3702 ait

339 3746 492 3808 propiorem
510 3745 698 3807 definitionem,
720 3746 782 3809 qula
802 3747 953 3797 communis
973 3747 1008 3796 sit
1028 3748 1055 3796 et
1075 3746 1199 3794 universa
1219 3745 1356 3795 sententie.
1392 3743 1521 3808 Equidem
1540 3743 1638 3794 malurn
1656 3743 1794 3794 latinitatis
1813 3746 1952 3794 auctorem
1967 3757 2036 3794 con-

339 3837 407 3888 cedo
424 3837 500 3888 lacile
519 3849 550 3886 ee
566 3837 767 3899 significatione,
786 3851 839 3902 qua
856 3837 906 3900 bic,
926 3838 1016 3888 dicere
1034 3839 1154 3902 potuisse
1173 3837 1332 3900 largitiones,
1353 3835 1453 3886 bonnm
1465 3849 1541 3898 nego.
1571 3835 1635 3886 Cum
1653 3836 1725 3886 enim
1742 3835 1850 3898 proprie
1867 3835 1900 3887 de
1912 3836 2036 3888 omnibus

338 3928 421 3980 rebus
438 3941 523 3994 aeque
538 3929 673 3980 diceretur
691 3931 778 3993 largiri
797 3935 824 3981 et
839 3931 949 3995 largitio,
968 3932 1058 3993 coepit
1077 3933 1166 3979 lamen
1188 3929 1222 3978 ita
1241 3929 1388 3978 consistere
1410 3929 1435 3978 in
1452 3929 1577 3992 pecunie,
1596 3931 1626 3977 ut
1644 3927 1694 3978 nisi
1714 3927 1778 3992 quid
1794 3927 1865 3980 aliud
1880 3929 2036 3991 adderetur,

339 4022 373 4072 de
389 4033 421 4070 en
441 4024 514 4071 esset
528 4022 732 4086 intelligendum.
764 4025 867 4075 Doceat
886 4024 913 4074 id
933 4027 1060 4075 sexcenta
1078 4020 1208 4084 exempla,
1229 4032 1297 4084 quae
1316 4019 1391 4070 tacite
1403 4034 1511 4083 possem
1531 4023 1691 4084 constipare,
1710 4020 1733 4070 si
1747 4020 1892 4084 quicquam
1905 4023 2036 4074 interesse

339 4112 493 4164 arbitrarer.
531 4116 626 4178 Quare,
650 4116 701 4166 etsi
724 4115 829 4166 dicatur
851 4117 938 4180 largiri
961 4116 1077 4166 bonores
1097 4113 1237 4178 aliquando
1263 4112 1392 4163 translata
1418 4113 1494 4176 quasi
1522 4112 1638 4178 quadem
1662 4111 1855 4174 significatione
1883 4117 1910 4166 et
1932 4115 2037 4179 largitio

338 4205 478 4266 honorum,
494 4216 547 4256 noa
568 4210 657 4258 mmeo
675 4208 791 4269 credam,
808 4209 830 4258 si
851 4208 913 4258 nihil
937 4209 1060 4270 addatur,
1079 4211 1188 4271 praeter
1209 4206 1339 4269 pecuniae
1363 4203 1529 4267 largitionem
1552 4207 1695 4270 quicquam
1722 4217 1804 4268 posse
1831 4205 1946 4272 intelligi.
1982 4210 2037 4260 Nec

339 4296 469 4362 ejusmodi
487 4298 635 4361 exemplum
655 4303 702 4350 ant
727 4299 814 4350 attulit
830 4301 997 4352 hermannus
1016 4305 1062 4351 aut
1077 4301 1177 4364 poterit
1196 4297 1301 4349 alierre.

486 4411 510 4475 1)
528 4413 660 4464 Plutarchi
679 4414 754 4466 locus
773 4417 816 4467 hic
836 4421 889 4468 est:
908 4409 956 4468 'Er
976 4413 1069 4474 cebron
1087 4414 1247 4486 πεντήκοντα
1268 4413 1314 4481 μὲν
1337 4409 1412 4480 αὐτῷ
1431 4409 1554 4482 μυριάδας
1568 4407 1710 4468 Ἀντίστιος
1736 4405 1785 4483 ἀφ’
1810 4411 1847 4466 ὧν
1866 4413 1911 4486 ἦγε
1930 4417 1975 4468 rol
1992 4415 2036 4469 ab·

338 4503 382 4562 τὸς
401 4503 436 4562 εἰς
454 4500 564 4556 Ἰταλίαν
581 4505 724 4575 χρημάτων
743 4503 856 4559 biberas.
896 4511 1091 4574 Quinquaginta
1116 4509 1251 4575 myriades
1277 4509 1340 4558 sunt
1364 4504 1550 4556 drachmarum
1574 4505 1589 4556 i.
1610 4517 1632 4554 e.
1657 4506 1739 4557 vicies
1766 4505 1811 4560 lis.
1847 4509 1913 4559 lade
1936 4512 1962 4559 ln
1986 4511 2037 4563 bac

338 4599 450 4663 epistola
467 4598 656 4661 corrigendum
675 4602 718 4649 est
735 4597 778 4650 lla.
795 4599 854 4652 ΧΧ.
871 4601 1053 4670 (minuspnim
1072 4615 1156 4666 parva
1176 4602 1243 4652 hacc
1260 4601 1385 4659 summa),
1407 4601 1436 4646 ut
1450 4599 1484 4648 sit
1503 4599 1546 4650 lis.
1561 4597 1669 4647 viciens.
1703 4599 1788 4658 Quam
1808 4599 1923 4664 denique
1941 4601 2037 4654 decla-

337 4692 450 4740 matorie
468 4690 539 4740 dicta
557 4690 636 4741 etiam
652 4691 707 4741 illa:
730 4698 755 4740 et
770 4689 901 4759 pollicino
921 4701 959 4744 eat
974 4700 1000 4743 et
1017 4691 1103 4744 dedit!
1131 4693 1210 4756 Quasi
1228 4690 1311 4740 multo
1329 4694 1472 4754 postquam
1491 4690 1621 4754 promisit,
1646 4689 1751 4741 dederit
1775 4695 1822 4742 aut
1839 4704 1963 4756 magnum
1984 4696 2037 4747 ali-

338 4782 402 4848 quid
421 4783 447 4832 ia
464 4782 613 4846 pollicendo
631 4785 748 4848 positum
768 4786 855 4839 luerit.
