4650 5882
1102 634 1150 706 25

1029 735 1228 750 *—

264 845 383 920 tivam,
402 844 524 906 alteram
546 841 736 904 transitivum.
774 836 876 920 ltaque
897 855 965 898 cnm
987 833 1096 896 dicitur
1114 853 1187 895 uera
1206 835 1345 896 amieria
1366 833 1444 914 (Cic.
1464 833 1544 897 Lael.
1562 837 1590 912 6,
1609 835 1675 916 ιι),
1698 835 1805 897 dicitur
1825 855 1868 912 ea,
1895 857 1969 918 quae

265 981 343 1026 non
362 968 489 1024 vocetur
506 959 599 1022 modo
620 959 660 1020 ita
679 961 730 1018 eut
753 953 880 1030 videtur,
899 953 953 1016 sed
968 973 1003 1014 ee
1025 957 1160 1033 quaeest
1182 951 1318 1027 amicitia,
1339 951 1396 1028 vel,
1415 953 1441 1013 si
1456 952 1600 1030 judicium
1623 952 1785 1014 adhibitum
1804 953 1970 1034 significare

266 1079 364 1157 velis,
388 1099 430 1157 ea,
453 1099 540 1161 quam
562 1095 628 1140 esse
649 1079 770 1154 oportet
792 1071 956 1134 amicitiam.
995 1069 1039 1132 lta
1056 1089 1137 1144 uera,
1163 1071 1279 1148 grauis,
1297 1069 1394 1131 solida
1411 1068 1515 1148 glorio
1535 1070 1615 1150 apud
1640 1069 1703 1132 Cic.
1725 1071 1799 1132 Phil.
1813 1075 1840 1147 5,
1860 1075 1906 1149 18,
1928 1077 1970 1138 50

267 1198 329 1260 vel
349 1217 455 1260 uerum
478 1197 566 1257 meres
582 1192 662 1274 apud
685 1191 771 1254 eund.
795 1191 832 1252 de
854 1209 917 1269 rep.
936 1190 967 1265 6,
981 1189 1021 1248 ιι
1048 1193 1093 1248 est
1111 1185 1150 1260 id,
1171 1185 1253 1266 qnod
1273 1204 1332 1247 uon
1355 1186 1473 1248 videtur
1491 1188 1582 1249 modo
1603 1207 1670 1250 esse
1693 1188 1794 1264 decus,
1814 1190 1868 1250 sed
1885 1193 1968 1272 quod

271 1323 335 1392 est,
365 1313 507 1396 quodque
529 1313 568 1375 ob
590 1329 655 1374 eam
677 1309 771 1390 ipsam
796 1327 860 1370 rem
880 1304 950 1389 quia
975 1313 1031 1378 est,
1059 1321 1126 1364 esse
1148 1308 1276 1382 oportet
1327 1301 1430 1366 Altera
1458 1305 1620 1380 transitiva,
1652 1323 1740 1386 qnam
1760 1306 1829 1384 dixi,
1857 1308 1968 1388 signiti-

273 1432 358 1496 catio
383 1431 546 1494 rectissime
568 1449 606 1492 ex
627 1427 770 1490 adverbio
789 1445 865 1502 vere,
899 1421 995 1506 qualis
1014 1420 1060 1496 sil,
1092 1419 1279 1500 perspicitur.
1332 1416 1368 1484 ld
1393 1421 1470 1482 enim
1498 1422 1550 1484 nbi
1571 1423 1761 1503 conjungitur
1779 1443 1847 1485 cnm
1868 1426 1966 1490 verbis

275 1549 447 1626 transitivis,
470 1547 628 1629 dupliciter
650 1550 750 1626 potest
769 1541 909 1622 intelligi:
931 1547 964 1601 nt
984 1559 1051 1600 cnm
1071 1537 1180 1598 dicitur
1203 1556 1271 1598 uere
1286 1535 1390 1613 umbo,
1412 1547 1512 1618 potest
1524 1558 1599 1616 esse,
1610 1547 1661 1600 ant
1678 1559 1741 1601 non
1761 1540 1855 1603 videri
1873 1544 1966 1608 modo

277 1631 331 1730 me
346 1657 487 1742 scriber'e,
506 1665 561 1727 sed
582 1664 682 1724 iacere
702 1667 735 1724 ut
754 1659 890 1734 scribam,
911 1666 962 1719 aut
986 1655 1017 1716 id
1038 1654 1119 1737 qnod
1146 1653 1257 1731 scribo,
1279 1673 1345 1716 esse
1365 1675 1477 1734 verum,
1506 1675 1631 1739 quarum
1650 1664 1832 1738 potestatum
1850 1659 1901 1721 illa
1921 1668 1967 1724 est

279 1784 469 1862 intransitiva,
492 1783 566 1844 haec
590 1777 751 1842 transitiva.
794 1779 897 1858 ltaque
926 1774 987 1836 Cic.
1013 1793 1043 1853 p.
1066 1773 1147 1834 Sext.
1174 1771 1223 1848 ut,
1243 1774 1283 1834 74
1305 1773 1342 1835 de
1363 1775 1394 1835 L.
1418 1776 1513 1850 Cotta,
1546 1774 1596 1856 qui
1624 1776 1653 1836 in
1675 1782 1780 1838 senatu
1802 1785 1966 1856 censuerat,

279 1903 455 1965 Ciceronem
477 1897 652 1962 anctoritate
671 1901 789 1958 senatus
812 1913 878 1956 esso
899 1891 1109 1966 revocandum,
1132 1889 1204 1951 dicit
1225 1909 1292 1952 eum
1310 1893 1461 1952 uenturus
1479 1894 1599 1954 renuite
1610 1892 1628 1956 i.
1641 1913 1667 1956 e.
1688 1894 1817 1956 sensisse
1835 1894 1884 1957 vel
1898 1915 1966 1958 cen-

278 2019 375 2082 suisse
395 2039 440 2095 ea,
461 2035 538 2100 qnae
556 2033 682 2094 prorsus
699 2031 769 2074 vera
784 2019 893 2085 essent,
916 2029 959 2084 ea,
990 2027 1066 2089 quae
1089 2015 1118 2070 et
1139 2007 1179 2068 ita
1199 2025 1232 2068 se
1253 2008 1446 2071 haberentet
1470 2009 1509 2070 ite
1529 2029 1562 2071 se
1582 2010 1691 2071 hebere
1710 2018 1872 2091 oporteret.
1909 2015 1966 2076 Ea-

279 2135 407 2217 demque
438 2133 590 2198 transitiva
619 2120 792 2212 significatio
812 2133 912 2210 potest
942 2125 1040 2187 valere
1067 2123 1096 2186 in
1120 2125 1156 2198 iis
1176 2123 1374 2203 substantivis,
1404 2145 1480 2208 quae
1500 2147 1519 2188 a
1536 2127 1635 2188 verbis
1654 2128 1813 2192 transitivis
1837 2130 1966 2197 deducta

280 2259 358 2328 sunt,
379 2259 413 2314 nt
433 2250 495 2314 Cic.
517 2250 588 2312 Phil.
611 2251 657 2326 tu,
677 2251 705 2325 9,
727 2251 745 2310 5
767 2247 799 2308 P.
820 2242 940 2310 Servilii
958 2245 1122 2304 sentences
1140 2241 1273 2304 nominat
1291 2245 1461 2305 susumus
1476 2246 1729 2324 morosumque
1752 2247 1770 2308 ι.
1798 2267 1823 2310 e.
1845 2258 1965 2312 senten·

279 2368 336 2430 tias
359 2368 528 2448 complexas
549 2387 614 2429 esse
634 2366 664 2427 id
686 2364 767 2447 quod
786 2382 889 2425 verum
911 2366 990 2424 esset
1008 2360 1056 2421 vel
1076 2359 1226 2422 censuisse
1246 2379 1314 2422 eum
1336 2359 1375 2437 id,
1397 2359 1479 2442 qnod
1500 2381 1603 2422 verum
1623 2369 1710 2424 esset
1749 2365 1814 2425 dam
1835 2385 1902 2428 cum
1921 2368 1964 2430 di-

281 2485 359 2548 citur
376 2487 561 2546 venturorum
588 2483 711 2546 dicendi
734 2500 839 2560 gertus,
870 2479 1059 2560 intelligimus
1087 2477 1144 2539 hoc
1170 2497 1232 2540 non
1251 2495 1342 2556 posse
1362 2477 1513 2540 transitive
1532 2479 1599 2555 diei,
1635 2480 1704 2562 qnia
1720 2501 1818 2561 genus
1837 2503 1898 2546 non
1917 2494 1963 2549 est

281 2603 492 2666 substantivum
513 2604 661 2664 actionem
679 2575 806 2679 aliquam
832 2596 1007 2676 significans,
1033 2594 1087 2657 sed
1115 2605 1256 2674 oportere
1276 2595 1465 2658 intransitive.
1505 2597 1569 2658 Erit
1598 2597 1686 2676 igitur
1713 2619 1819 2661 uerum
1842 2601 1965 2664 dicendi

275 2739 374 2800 genus
400 2721 430 2782 id
456 2719 538 2800 qnod
567 2737 627 2778 nou
653 2716 791 2778 videatur
816 2713 908 2777 modo
935 2731 1001 2776 esse
1029 2732 1122 2794 genos
1143 2713 1269 2791 dicendi,
1293 2713 1347 2775 sed
1368 2712 1449 2793 quod
1471 2713 1518 2774 sit.
1564 2714 1597 2774 ln
1619 2734 1679 2796 qno
1705 2717 1771 2797 quis
1792 2737 1853 2780 non
1872 2718 1962 2797 videt,

277 2836 366 2918 quale
386 2836 425 2898 sit
446 2855 549 2916 genus,
568 2853 629 2895 non
651 2832 729 2894 dici?
756 2837 865 2914 Quare,
887 2829 913 2892 si
932 2830 1087 2892 antecedat
1107 2829 1181 2892 certi
1198 2829 1323 2910 alicujus
1344 2829 1463 2892 dicendi
1482 2830 1598 2910 generis
1619 2836 1871 2912 commemoratio,
1892 2856 1964 2898 con-

277 2954 355 3016 cedo
376 2971 467 3033 posse
489 2951 548 3013 diei
566 2971 672 3012 uerum
693 2949 815 3011 dt'cendi
831 2967 929 3028 genus
946 2946 987 3008 ita
1001 2948 1128 3028 quidem,
1144 2956 1178 3010 ut
1191 2957 1221 3010 et
1237 2948 1343 3010 mulum
1364 2954 1393 3008 et
1407 2948 1516 3010 borram
1536 2948 1734 3030 eloquentiam
1755 2950 1908 3032 significet,
1930 2962 1963 3018 ut

277 3088 383 3132 verum
404 3069 522 3132 dicendi
539 3087 632 3150 genus
650 3086 706 3148 per
723 3085 756 3128 se
776 3065 874 3146 ipsum
892 3083 949 3146 pro
971 3073 1054 3127 certo
1077 3065 1176 3148 aliquo
1198 3064 1386 3147 eloquentiae
1397 3083 1506 3145 genere
1528 3073 1665 3147 ponetur,
1685 3066 1714 3128 id
1728 3086 1806 3148 nego
1825 3079 1854 3132 et
1871 3090 1963 3150 posse

278 3186 344 3248 lieri
367 3191 397 3248 et
412 3187 476 3248 fieri
497 3188 530 3262 'l
566 3189 631 3250 lloc
652 3191 735 3248 certe
754 3188 878 3260 constat,
900 3182 1032 3244 noudum
1052 3181 1145 3244 ullmu
1166 3182 1269 3245 locum
1287 3181 1441 3244 Ciceronis
1463 3183 1613 3248 inventum
1640 3203 1715 3262 esse,
1743 3205 1805 3267 quo
1828 3187 1962 3250 similiter

279 3303 404 3366 dicatur.

402 3420 554 3499 Deinceps
572 3420 645 3481 haec
668 3425 755 3481 snut:
797 3419 903 3480 Tanto
929 3424 1032 3478 autem
1061 3416 1216 3479 industria
1238 3425 1290 3494 est,
1315 3426 1494 3498 tantumque
1513 3418 1640 3498 cespitat
1661 3418 1879 3496 inaudierat
1897 3439 1962 3482 nora

276 3539 416 3600 mamma
437 3538 561 3616 ingenuo
581 3535 678 3615 (quod
701 3537 736 3597 in
757 3553 790 3597 eo
808 3553 960 3594 mmmmm
979 3537 1037 3612 ert)
1060 3537 1168 3614 gratin
1188 3533 1325 3596 labendo
1346 3535 1494 3598 caueatur.
1536 3535 1667 3596 Primum
1687 3552 1783 3614 pauca
1804 3535 1901 3598 dicam
1922 3535 1960 3600 de

279 3655 387 3716 verbis.
431 3653 510 3716 Nam
529 3672 597 3716 cum
618 3652 689 3715 dicit
707 3660 831 3713 tannem
851 3651 980 3730 mutiat
994 3653 1029 3712 in
1049 3653 1159 3727 studio,
1179 3652 1386 3734 eloquentiam,
1398 3653 1514 3732 opinor,
1530 3653 1608 3715 dicit
1638 3652 1700 3716 Sed
1720 3652 1786 3734 quis
1808 3671 1873 3716 eam
1892 3654 1960 3717 sim-

280 3769 398 3850 pliciter
419 3771 493 3832 d‘nrit
513 3769 651 3847 studium,
674 3767 857 3836 nonaddilo
882 3775 933 3830 ant
952 3768 1098 3846 adjectivo
1120 3768 1221 3849 aliquo
1240 3777 1291 3832 ant
1308 3769 1438 3850 genitivo
1456 3780 1505 3832 ant
1517 3771 1643 3853 deniqne
1653 3771 1848 3851 pronomine?
1868 3773 1960 3836 lmmc

283 3888 440 3967 oportebat
459 3907 525 3950 esse
545 3889 579 3948 in
602 3885 702 3948 studio
722 3905 783 3948 mo.
832 3885 905 3948 Scio
932 3884 1083 3965 equidem,
1110 3907 1199 3967 saepe
1219 3887 1338 3962 studeo,
1362 3885 1471 3967 plurali
1493 3907 1632 3967 numero,
1660 3887 1719 3951 dici
1749 3909 1816 3950 cum
1838 3888 1877 3950 de
1895 3890 1960 3952 aliis

283 4001 435 4066 doctrinae
457 4005 626 4086 generibus,
654 4009 717 4066 tum
745 4002 782 4064 de
808 4001 985 4084 eloquentia,
1013 4011 1047 4065 nt
1074 4004 1244 4085 frequenter
1267 4003 1473 4081 Quintilianus.
1519 4006 1581 4068 Sed
1608 4025 1757 4087 nunqnam
1780 4006 1820 4067 ita
1839 4006 1961 4088 ponitur

282 4119 448 4199 singularis.
486 4124 569 4184 Unus
591 4121 679 4183 locus
702 4123 747 4182 est
777 4120 856 4200 apud
878 4117 1070 4196 Ciceronem,
1099 4120 1149 4202 qni
1169 4119 1272 4182 similis
1294 4139 1360 4182 esse
1380 4121 1528 4200 videatur,
1554 4123 1584 4184 in
1613 4126 1676 4186 Oet.
1704 4126 1772 4202 mqj.
1795 4125 1845 4198 tu,
1864 4125 1903 4187 te
1924 4123 1963 4186 Si

431 4384 455 4450 u
474 4387 541 4438 lllud
556 4400 621 4438 vero
641 4385 717 4452 quale
734 4386 769 4436 sit
791 4383 933 4448 intelligere
951 4397 1062 4450 nequeo,
1089 4384 1162 4448 quod
1180 4383 1353 4449 Hermennus,
1374 4389 1498 4452 quonium
1522 4405 1608 4440 amm
1628 4401 1817 4456 nonnunquam
1838 4388 1906 4440 idem
1923 4387 1959 4438 sit

282 4490 315 4530 ac
326 4479 437 4542 lustau,
457 4493 569 4543 aequum,
590 4477 755 4542 uquarum
772 4472 915 4542 eloquentia
935 4476 1006 4540 apud
1023 4478 1077 4528 Cic.
1096 4477 1166 4526 Brut.
1185 4475 1225 4541 90,
1246 4475 1298 4530 309
1322 4481 1479 4542 invenietur,
1502 4497 1587 4532 uerum
1615 4483 1719 4534 dicendi
1735 4496 1819 4548 genus
1837 4480 1957 4534 defendit.

280 4571 360 4632 Quasi
385 4583 458 4633 vero,
485 4581 545 4620 com
565 4571 670 4624 constet
689 4581 769 4632 saepe
791 4565 864 4616 aeder
882 4569 954 4620 idem
974 4567 1037 4620 esse
1050 4583 1082 4620 ee
1099 4567 1197 4618 domum
1222 4569 1285 4636 (vel,
1305 4573 1329 4622 si
1346 4576 1495 4624 accuratius
1515 4574 1630 4639 loquare,
1655 4588 1736 4638 posse
1754 4587 1803 4639 pro
1821 4573 1913 4624 eedem
1929 4585 1959 4626 re

281 4660 387 4724 haberi;
417 4664 461 4714 vix
487 4661 557 4714 enim
576 4661 629 4712 duo
645 4658 775 4712 vocabula
799 4661 868 4722 sunt,
893 4673 961 4726 quae
983 4661 1054 4712 idem
1079 4674 1189 4725 prorsus
1215 4662 1384 4729 significent),
1413 4665 1494 4716 etiem
1515 4667 1537 4717 si
1560 4667 1593 4717 de
1619 4667 1698 4718 dumo
1717 4668 1825 4730 aliorum
1848 4665 1865 4716 ι.
1884 4679 1906 4714 a.
1926 4665 1960 4718 dc

282 4756 382 4818 crusina
401 4756 458 4820 elus
477 4757 504 4806 et
523 4765 619 4818 genera
637 4752 719 4818 dicas,
738 4751 819 4804 redes
837 4753 923 4816 possis
942 4751 1118 4806 substituere!
1156 4755 1252 4806 onmes
1276 4757 1345 4808 teles'
1361 4757 1477 4812 rationes
1497 4759 1673 4823 speciosioras
1699 4759 1783 4812 solent
1801 4769 1860 4810 esse
1880 4771 1960 4823 quam

282 4859 407 4898 sartores.

1703 4953 1723 5013 i
