4650 5882
1117 624 1164 698 37

285 827 404 892 nullum
426 826 493 889 talis
514 824 638 888 lionoris
660 823 826 905 vestigium,
850 821 932 886 nulla
952 821 1143 903 significatim
1167 843 1224 885 neo
1242 823 1336 904 magis
1358 822 1388 884 in
1407 822 1514 884 illaad
1535 824 1571 884 D.
1591 822 1718 884 Brutum
1741 815 1878 898 epistola,
1897 835 1986 897 quam

288 965 384 1026 supra
404 944 500 1020 citavi,
530 943 561 1004 in
588 962 653 1024 qua,
683 942 754 1023 qnid
781 950 852 1022 post
879 941 1013 1004 nuntium
1043 939 1187 1004 victoriae
1207 941 1329 1002 allatum
1357 943 1466 1003 iactum
1493 941 1539 1016 sit,
1571 940 1680 1002 Cicero
1703 937 1833 1018 exponit.
1885 936 1986 1016 ltaque

290 1069 373 1126 totns
389 1061 437 1124 bio
456 1063 554 1124 honos
575 1058 651 1120 male
673 1060 830 1124 ementitus
858 1068 904 1122 est
930 1079 948 1120 a
970 1057 1171 1122 declamatore
1193 1059 1304 1141 aliquo,
1327 1059 1378 1142 qni
1399 1059 1592 1121 memorabile
1614 1065 1669 1133 cst,
1690 1061 1876 1139 quantopere
1897 1055 1986 1114 etiam

291 1181 322 1242 in
342 1181 416 1261 ipsis
435 1179 535 1242 verbis
557 1183 669 1259 peccet
712 1177 820 1258 Neque
843 1176 938 1252 enim,
961 1177 987 1238 si
1015 1176 1124 1239 Cicero
1154 1175 1245 1238 vellet
1272 1177 1357 1239 illum
1385 1178 1530 1240 honorem
1546 1177 1663 1251 ,habere
1681 1177 1787 1249 Bruto,
1818 1191 1906 1252 quem
1924 1189 1985 1232 non

292 1297 402 1374 babuit,
420 1297 491 1360 satis
513 1303 576 1358 erat
596 1295 626 1356 in
648 1295 731 1358 tastis
750 1295 860 1358 ascribi
880 1313 988 1358 nomen
1008 1294 1102 1373 Bruti,
1120 1295 1183 1356 sed
1202 1295 1313 1357 ascribi
1334 1296 1460 1375 primum
1483 1296 1578 1376 ipsam
1601 1292 1757 1356 victoriam
1778 1289 1986 1362 Mutinensem,

293 1419 357 1476 turn
378 1413 446 1478 addi
466 1413 552 1476 Bruti
570 1433 680 1475 nomen
702 1420 732 1475 et
752 1411 891 1476 natalicia
909 1412 947 1493 ¹),
967 1419 1000 1476 ut
1021 1413 1061 1490 id,
1079 1413 1161 1495 quod
1180 1412 1375 1493 praecipuum
1395 1421 1449 1490 est,
1478 1413 1621 1476 omissum
1643 1411 1691 1476 sit.
1728 1408 1805 1472 illud
1827 1427 1900 1469 vero
1921 1407 1987 1466 La-

293 1534 411 1594 rentiae
428 1529 596 1611 exemplum
614 1529 831 1610 ineptissimum
853 1537 907 1601 est.
939 1531 1072 1594 Primum
1093 1551 1154 1593 non
1176 1537 1222 1592 est
1240 1551 1359 1606 verum3
1378 1553 1447 1594 nam
1465 1531 1605 1614 quamdiu
1622 1529 1716 1592 libera
1740 1527 1796 1588 tuit
1807 1523 1987 1604 respublica,

293 1650 404 1712 nullius
423 1668 531 1712 nomeu
552 1648 583 1709 in
603 1647 687 1710 lastis
708 1648 870 1728 ascriptum
892 1655 1008 1710 estnec
1026 1648 1176 1711 invenitur
1188 1647 1280 1712 ullius
1303 1651 1333 1713 in
1358 1651 1402 1727 iis,
1416 1650 1468 1732 qui
1480 1655 1649 1730 supersunt,
1664 1667 1702 1708 ne
1715 1646 1816 1708 Accae
1832 1640 1989 1704 Larentiae

294 1769 420 1851 quidem,
440 1766 499 1830 nisi
521 1764 605 1846 quod
623 1785 641 1827 a
661 1766 772 1828 Verrio
794 1765 907 1828 Flacco
930 1765 961 1827 in
983 1766 1066 1828 tastis
1088 1755 1287 1830 Praenestinis
1310 1787 1408 1848 pauca
1425 1769 1462 1830 de
1482 1787 1518 1830 ea
1534 1767 1635 1829 addita
1652 1771 1729 1840 sunt,
1752 1771 1786 1825 nt
1805 1763 1989 1824 demonstra-

292 1892 346 1961 ret,
373 1905 432 1966 qua
454 1882 493 1945 de
514 1902 604 1946 causa
624 1902 650 1946 a
673 1883 702 1948 d.
722 1885 765 1946 X.
788 1883 854 1946 Kal.
875 1885 941 1946 lan.
966 1883 1134 1946 Larentalia
1151 1883 1264 1948 tierent.
1303 1887 1381 1948 Sunt
1401 1886 1479 1949 enim
1502 1887 1542 1948 ibi
1564 1887 1651 1946 baec:
1679 1883 1778 1946 Aecae
1797 1877 1991 1942 Larentiam

290 2003 489 2082 racn'ficinm.
531 2000 625 2062 nemi
642 2009 674 2060 et
691 2001 822 2064 Romuli
837 2003 999 2078 nantem,
1027 2003 1175 2064 Faustuli
1199 2003 1364 2083 confingam,
1392 2006 1452 2067 alit
1470 2005 1664 2077 meretricem,
1695 1999 1840 2060 Herculis
1856 2000 1990 2057 scortum

284 2119 391 2201 faisse
411 2119 527 2196 dietant,
554 2119 636 2198 qnod
653 2119 804 2198 papatiam
830 2120 1008 2180 Itomnnam
1033 2119 1169 2192 heredem
1187 2119 1308 2200 feeerit
1329 2143 1462 2202 magnae
1478 2122 1637 2203 pecuniae,
1665 2137 1756 2198 qaam
1774 2120 1932 2194 acceperat
1951 2132 1990 2173 aa

296 2243 472 2298 testamento
497 2236 645 2298 Tarar'llr'i
671 2239 820 2296 amatoris
839 2238 895 2298 rai.
948 2238 997 2298 De
1024 2237 1188 2318 eademque
1211 2239 1349 2300 Larentia
1374 2239 1420 2302 sic
1447 2241 1546 2302 Varro
1569 2240 1606 2300 de
1623 2239 1694 2316 ling.
1713 2235 1764 2296 lat.
1784 2237 1811 2310 5,
1835 2233 1854 2295 3
1882 2231 1992 2292 aaran

289 2351 433 2434 publicae
454 2354 651 2416 Manae.
694 2356 724 2416 Is
752 2353 822 2430 dier,
851 2375 939 2434 parem
961 2353 1088 2434 qaa'dam
1111 2356 1146 2414 tn
1173 2353 1328 2418 scra'bando
1353 2359 1541 2420 Larentalia
1569 2357 1735 2438 appellant,
1763 2350 1800 2414 ab
1823 2351 1906 2412 Acca
1928 2349 1992 2408 La-

294 2472 419 2532 rentina
440 2472 627 2548 nannnatar,
651 2473 705 2536 cni
720 2471 887 2534 sacerdotes
904 2475 1005 2536 nostri
1018 2471 1141 2553 palliae
1152 2482 1335 2553 parentant.
1357 2513 1399 2524 --
1435 2477 1503 2538 Hae
1530 2476 1718 2556 samfieturn
1731 2473 1778 2552 fit
1799 2472 1833 2531 r'n
1859 2466 1990 2541 Velabro,

295 2610 356 2671 qna
377 2591 411 2648 tn
430 2606 540 2650 nocam
561 2590 645 2650 azam
665 2590 779 2662 entur,
799 2597 836 2650 nt
856 2592 949 2672 ayant
968 2591 1103 2672 quidam,
1122 2590 1166 2652 aa
1191 2593 1385 2672 sepulchrum
1406 2596 1505 2656 Accae
1530 2601 1584 2655 etr.
1607 2600 1637 2654 et
1657 2589 1774 2654 Gellius
1796 2591 1825 2666 6,
1848 2589 1866 2649 ‘l
1888 2603 1989 2665 popa-

292 2707 357 2768 lnm
378 2705 557 2767 Romanam
577 2703 662 2766 bones
681 2707 745 2766 suis
771 2706 907 2768 laetantem
919 2707 1016 2790 feeit.
1068 2707 1110 2770 Ob
1135 2709 1170 2770 td
1194 2713 1338 2773 meritam
1363 2733 1384 2772 a
1402 2715 1538 2798 flamme
1564 2709 1725 2782 anniam·
1748 2707 1936 2787 sacrficium
1964 2704 1995 2762 ee'

286 2822 409 2906 publica
420 2823 469 2902 fit
487 2829 517 2882 at
536 2821 598 2882 dns
618 2843 635 2882 e
659 2809 781 2882 nomine
803 2825 866 2904 ayla
887 2827 921 2886 r'n
932 2827 1035 2906 fastis
1057 2827 1181 2890 additur
1194 2829 1236 2908 ²).
1278 2829 1377 2912 Atque
1401 2829 1515 2892 etiamsi
1540 2829 1581 2890 ita
1607 2835 1695 2900 esset,
1722 2831 1755 2887 nt
1771 2824 1911 2888 statuitur
1929 2821 1988 2882 boc

292 2941 373 3016 loco,
394 2939 611 3021 Larentiaeque
641 2943 946 3023 nomenaseriptum
969 2944 1074 3008 luisset
1096 2944 1127 3006 in
1157 2945 1240 3008 tastis
1270 2954 1397 3029 propter
1417 2948 1567 3030 singulare
1597 2944 1718 3027 aliquod
1739 2943 1893 3016 meritum,
1923 2937 1990 3020 quis

294 3059 398 3120 credat
417 3059 490 3118 lraec
507 3057 548 3118 ita
569 3059 748 3120 Ciceronem
767 3059 804 3121 ad
825 3062 866 3124 ill.
887 3063 1014 3124 Brumm
1035 3062 1324 3144 scriberepotuisse
1342 3072 1372 3128 et
1393 3066 1495 3128 dicere
1515 3087 1533 3128 a
1551 3061 1715 3146 majeribus
1735 3063 1767 3124 id
1784 3079 1850 3124 esse
1869 3060 1989 3130 lactum,

294 3175 377 3256 quod
396 3181 491 3235 totum
511 3174 542 3234 in
562 3174 669 3238 tabulis
685 3195 758 3246 ,esse
780 3184 906 3260 uterque
924 3183 1041 3242 nossetl
1072 3181 1246 3244 Orationem
1269 3184 1325 3247 ista
1343 3191 1374 3246 et
1392 3184 1511 3264 plebem
1532 3185 1665 3260 deceant,
1686 3181 1858 3244 familiarem
1878 3175 1990 3256 episto-

294 3292 355 3355 lam
376 3302 405 3352 et
419 3289 618 3372 philosophos
638 3313 700 3354 non
722 3295 839 3358 decent.
889 3298 964 3360 Tum
993 3297 1075 3379 quod
1096 3302 1259 3382 pontefices
1287 3302 1427 3364 dicuntur
1444 3322 1531 3364 saera
1551 3302 1650 3364 tacere
1669 3298 1834 3373 Larentiae,
1856 3290 1988 3354 inscitiae

294 3411 507 3472 documentum
526 3416 572 3471 est
591 3411 877 3476 manifestissimum:
907 3415 1065 3494 pontifices
1092 3425 1235 3495 praesunt
1258 3419 1314 3482 toti
1344 3418 1496 3500 religioni,
1524 3438 1586 3482 non
1615 3417 1789 3480 sacrificant.
1832 3416 1935 3492 Quare
1958 3412 1989 3473 in

292 3528 380 3602 locis,
401 3525 453 3608 qui
474 3525 566 3588 modo
588 3526 670 3589 allati
689 3535 767 3606 sunt,
788 3531 870 3614 quod
892 3533 1008 3596 Gellius
1027 3543 1128 3596 narrat
1152 3535 1260 3598 fecisse
1280 3537 1427 3600 flaminem
1449 3536 1642 3619 Quirinalem,
1662 3535 1741 3596 idem
1762 3534 1861 3594 Varro
1885 3527 1989 3590 tribuit

293 3643 509 3710 sacerdotibus.
553 3645 689 3727 Denique
711 3667 801 3710 aram
822 3649 914 3714 tuisse
935 3653 1092 3714 Larentiae
1110 3673 1199 3716 nemo
1223 3663 1355 3716 veterum
1378 3656 1497 3718 tradidit
1518 3675 1574 3718 nec
1594 3654 1685 3716 tuisse
1703 3649 1804 3728 ullam,
1817 3667 1893 3731 quae
1916 3665 1987 3725 pro-

294 3763 359 3845 prie
378 3763 528 3826 diceretur
556 3763 638 3843 (nam
667 3764 866 3830 sacrificatum
893 3789 960 3832 esse
989 3771 1027 3832 ad
1056 3791 1138 3832 aram
1166 3771 1245 3834 ultro
1276 3781 1358 3853 patet
1383 3793 1440 3837 nec
1465 3774 1495 3839 id
1517 3773 1676 3854 separatim
1694 3765 1987 3833 commemorandum

295 3885 379 3957 erat),
402 3899 439 3942 ex
459 3881 526 3962 ipso
543 3881 731 3944 Varroniano
752 3881 831 3962 loco,
851 3907 911 3969 quo
929 3908 1021 3968 supra
1040 3889 1086 3950 usi
1107 3909 1218 3966 snmus,
1237 3890 1435 3971 intelligimus.
1477 3893 1578 3974 ltaque
1596 3890 1660 3968 jam
1672 3886 1827 3951 Ernestius
1843 3905 1879 3948 ea
1894 3884 1987 3945 verba

294 4007 444 4080 tamquam
462 3997 538 4061 male
560 4020 577 4060 a
595 3999 725 4062 librariis
747 3999 866 4082 inserta,
881 4004 980 4066 'deleri
998 4005 1127 4068 volebat.
1166 4007 1340 4088 Explicatur
1362 4009 1476 4088 deiude,
1499 4031 1553 4072 crrr
1574 4009 1683 4072 Cicero
1703 4005 1786 4069 illum
1803 4001 1933 4065 nominis
1955 4001 1986 4061 in

295 4118 378 4180 lastis
400 4114 568 4180 ascribendi
583 4118 730 4180 bonorem
750 4119 787 4181 D.
806 4121 902 4184 Bruto
924 4123 1078 4186 tribuerit:
1104 4125 1193 4195 ama
1211 4145 1266 4206 ega
1285 4147 1355 4188 eum
1375 4126 1485 4189 Mam
1503 4129 1612 4204 Bruta,
1633 4135 1739 4189 natam
1760 4145 1819 4186 erse
1836 4123 1872 4184 in
1883 4119 1985 4204 sartis

293 4281 493 4298 *-

444 4346 471 4412 l)
492 4348 524 4397 tlt
542 4351 626 4400 estin
652 4349 782 4405 iustorum
800 4353 918 4420 reliquiis
938 4369 1007 4422 quae
1025 4363 1187 4424 supersunt:
1220 4357 1279 4410 tiae
1300 4359 1342 4410 aa
1364 4357 1461 4410 &aar
1482 4359 1518 4410 ad
1539 4357 1668 4428 Hispalim
1685 4359 1754 4424 oirtt,
1780 4359 1829 4412 bae
1847 4351 1981 4406 dialtione

292 4439 378 4494 Juttn
393 4445 470 4490 natae
488 4447 536 4501 ert,
555 4443 658 4492 similia.

443 4554 474 4622 a)
494 4559 578 4617 Quem
604 4559 675 4609 Gellii
692 4562 780 4614 locum
805 4565 828 4615 si
848 4565 985 4630 quiscum
1003 4565 1053 4626 bis,
1074 4581 1143 4632 quae
1161 4567 1287 4620 dicuntur
1305 4582 1321 4620 a
1342 4569 1469 4619 Cicerone
1489 4571 1589 4634 scripta
1608 4583 1675 4632 esse,
1704 4567 1831 4629 conterat,
1852 4567 1912 4630 quis
1928 4577 1982 4614 non

297 4649 445 4702 adducatur
463 4664 549 4714 prope
566 4651 593 4700 tn
612 4665 671 4703 eam
691 4655 881 4718 suspicionem,
903 4662 932 4709 ut
952 4659 1061 4709 Gellium
1079 4662 1147 4710 mate
1168 4661 1328 4712 intellectum
1348 4662 1388 4711 his
1410 4664 1450 4711 tot
1466 4663 1599 4726 tantisque
1616 4663 1752 4713 erroribus
1770 4673 1878 4712 oausam
1896 4672 1981 4722 prac-

295 4745 386 4796 butssa
406 4743 559 4795 existimat?
595 4745 760 4811 Quamquam
781 4749 822 4799 itta
843 4750 962 4814 suspicio
981 4755 1021 4804 est
1040 4765 1130 4816 mera;
1147 4753 1236 4817 potuit
1256 4754 1327 4804 enim
1347 4753 1511 4806 declamator
1528 4757 1607 4806 etiarn
1625 4755 1737 4806 altorum
1751 4754 1919 4816 scriptorum,
1937 4755 1982 4818 qui

296 4834 373 4887 nobis
388 4847 442 4888 nou
462 4835 561 4887 servati
578 4840 648 4902 sunt,
666 4839 732 4893 tccts
748 4841 842 4900 decipi.
