4650 5882
1090 661 1141 736 29

260 867 432 932 Cicerone?
452 865 519 948 quis
541 865 571 926 in
593 857 750 946 quoquam,
770 860 821 943 qui
846 859 1001 942 epistolam
1024 861 1153 924 scribat?
1195 857 1276 942 Quid
1293 860 1371 922 enim
1393 879 1429 924 aa
1448 861 1592 926 scriberet
1612 861 1719 938 Bruto,
1744 861 1795 944 qui
1811 881 1846 925 ea
1861 865 1960 926 omnia

261 987 378 1068 optime
398 992 509 1059 nosset,
532 981 592 1065 qui,
613 981 640 1042 si
660 999 722 1043 non
743 979 808 1060 ipse
824 980 999 1042 interfuerat
1020 977 1057 1040 iis
1073 977 1174 1054 rebus,
1193 997 1286 1060 saepe
1305 978 1439 1041 audierat
1452 999 1520 1040 curn
1538 979 1576 1041 ab
1594 979 1660 1042 aliis
1678 985 1743 1044 tum
1757 981 1794 1042 ab
1811 981 1958 1044 Cicerone

260 1107 340 1186 ipsc.
383 1107 425 1167 At
445 1101 675 1164 declamatorem
697 1117 770 1160 sana
790 1097 864 1160 baec
881 1096 997 1174 decent,
1022 1095 1060 1158 ad
1088 1095 1287 1178 eloquentiam
1316 1097 1529 1160 ostendendam
1556 1102 1586 1160 et
1605 1098 1707 1162 inanes
1729 1099 1872 1180 quasdam
1891 1119 1958 1162 ver-

259 1223 370 1287 borum
392 1220 536 1285 formulas
557 1217 708 1298 eleganter
728 1213 951 1294 componendas
973 1213 1134 1294 aptissima

389 1341 502 1402 Verum
522 1337 675 1398 videamus
695 1333 784 1396 etiam
804 1331 897 1412 magis
912 1350 950 1392 ex
969 1330 1140 1412 propinquo
1161 1330 1243 1407 haec,
1261 1349 1338 1413 quae
1359 1351 1378 1394 a
1397 1331 1596 1396 declamatore
1613 1333 1751 1413 proiecta
1772 1355 1839 1398 esse
1857 1353 1956 1414 namo,

262 1459 316 1540 qni
334 1457 426 1522 totius
446 1454 592 1536 epistolae
609 1453 755 1516 rationem
777 1449 956 1526 consideret,
977 1447 1104 1528 negabit.
1146 1447 1220 1510 Part
1239 1450 1401 1510 interimar
1418 1449 1556 1520 Coerani
1570 1458 1601 1514 ct
1617 1459 1730 1514 orabas
1751 1453 1956 1518 memorabile

261 1575 336 1644 Idus
355 1576 500 1652 Martum,
522 1573 630 1647 Brute,
653 1569 729 1650 qaid
756 1587 811 1650 ego
831 1565 1082 1649 praetermorem
1103 1585 1124 1626 a
1153 1563 1234 1628 sobai
1259 1574 1465 1650 quantamque
1489 1569 1661 1648 impendere
1681 1567 1863 1650 repudiatae
1883 1581 1955 1634 tan-

257 1701 405 1776 partatem
426 1692 567 1766 domm,
588 1707 652 1750 aon
672 1707 702 1750 er
720 1684 838 1749 attam.
864 1687 912 1747 De
924 1685 964 1746 M.
977 1682 1110 1746 Antonio
1132 1683 1293 1765 amicisque
1312 1685 1449 1748 Caesaris
1463 1685 1579 1762 duur,
1600 1686 1710 1768 quibus
1724 1687 1955 1770 τυραννοκτόνοι

261 1817 467 1894 pepercerant.
511 1809 610 1887 Saepe
628 1805 706 1868 enim
723 1803 869 1885 significat
890 1801 1009 1878 Cicero,
1027 1821 1089 1864 non
1111 1821 1203 1864 unmn
1222 1799 1382 1864 Gaesarem
1405 1803 1497 1867 luisse
1517 1802 1691 1882 tollendum,
1721 1806 1776 1868 sed
1802 1805 1953 1884 adjutores

262 1931 349 1994 etiam
371 1929 465 2010 regni,
486 1945 547 2009 quc
570 1926 599 1986 in
621 1941 730 2005 genere
750 1921 878 1984 maxime
900 1917 1102 1982 memorabilia
1121 1923 1197 1996 sunt,
1229 1937 1304 2001 quae
1334 1919 1407 1984 dicit
1435 1921 1466 1984 in
1484 1921 1611 2003 Philipp.
1634 1924 1662 1997 2,
1683 1925 1733 2000 11,
1755 1925 1795 1987 34
1826 1926 1855 1984 ri
1870 1926 1953 1986 mim

248 2046 457 2126 faraman
469 2061 595 2106 numero
613 2041 861 2121 conjuratorum),
881 2055 945 2099 aon
964 2036 1061 2098 rotam
1079 2057 1193 2118 regam,
1209 2037 1261 2100 aad
1279 2059 1408 2120 regnam
1429 2041 1522 2102 etiam
1542 2040 1578 2102 dc
1592 2038 1747 2118 republica
1766 2042 1951 2104 austaldsan

262 2171 301 2242 et,
322 2166 351 2225 ri
367 2183 452 2225 meras
470 2163 524 2224 aa
543 2161 632 2222 stilus
641 2157 767 2240 suisset,
790 2164 829 2218 ut
850 2155 974 2232 debitur,
994 2154 1074 2216 mebi
1091 2153 1186 2231 creda
1203 2175 1268 2218 noa
1285 2157 1385 2220 salum
1404 2177 1504 2218 anam
1525 2165 1636 2234 οοίοιον,
1665 2157 1718 2220 aad
1742 2165 1838 2222 totam
1848 2156 1951 2242 faba

263 2283 328 2345 tam
347 2279 549 2362 confecissent,
568 2285 597 2340 et
616 2276 692 2357 Epp.
717 2277 767 2350 12,
790 2275 809 2336 l
828 2272 890 2336 init.
909 2273 948 2334 ad
965 2272 1118 2335 Cassium:
1148 2273 1258 2338 Vellem
1277 2271 1378 2337 ratze
1396 2275 1526 2337 Martia
1551 2295 1599 2340 rao
1624 2275 1668 2338 ad
1683 2296 1807 2340 coenam
1825 2278 1951 2338 tamma

262 2419 327 2486 aar:¹
340 2399 538 2478 retaqurarmn
553 2393 636 2457 nabit
642 2393 770 2475 satsat.
812 2391 904 2454 Nunc
922 2410 970 2452 me
986 2391 1134 2470 reliquiae
1150 2399 1268 2454 vertrae
1286 2397 1476 2454 marceant
1495 2392 1614 2472 parilem
1630 2401 1754 2474 praeter
1769 2402 1882 2484 ceteros
1896 2414 1950 2456 me.

263 2517 362 2600 Atque
383 2515 428 2577 hic
446 2514 540 2590 locus,
561 2513 593 2576 in
612 2531 674 2595 quc
694 2509 743 2571 hic
763 2507 947 2572 declamator
968 2509 1095 2571 maxime
1115 2515 1263 2590 tamquam
1283 2507 1382 2572 bonus
1405 2509 1524 2591 qnidam
1545 2529 1648 2590 augur,
1668 2513 1751 2594 quod
1764 2531 1825 2576 non
1840 2514 1951 2576 lactum

263 2641 348 2710 esset,
370 2633 454 2715 queri
473 2637 586 2712 posset,
606 2635 653 2690 est
667 2625 787 2690 omniuo
805 2647 844 2690 ex
859 2628 904 2704 iis,
924 2627 954 2690 iu
975 2625 1083 2708 quibus
1099 2623 1218 2688 habitet.
1252 2624 1331 2688 Vide
1342 2626 1418 2708 Epp.
1434 2628 1472 2688 ad
1483 2627 1567 2690 Brut
1586 2628 1835 2713 t,1oatu‚7⁸).
1869 2632 1951 2694 llaec

259 2756 356 2813 summ
377 2748 502 2812 Antonii
523 2754 751 2828 cetercrmnque
772 2744 910 2808 Caesaris
930 2743 1094 2806 amicorum
1115 2743 1224 2808 caedes
1240 2744 1450 2824 praetermissa
1469 2752 1515 2808 est
1534 2745 1636 2810 ldibus
1657 2749 1780 2828 Martiis,
1800 2757 1863 2813 tum
1882 2769 1951 2810 curn

258 2867 293 2932 C.
314 2867 484 2930 Trebonius
504 2863 676 2940 Antonium,
695 2870 730 2926 nt
752 2862 864 2926 servari
884 2869 997 2942 posset,
1016 2861 1142 2939 seduxit,
1161 2879 1223 2924 non
1244 2869 1315 2942 post
1335 2863 1405 2925 ldns
1426 2861 1557 2928 Martias.
1590 2865 1758 2946 Oportebat
1768 2866 1859 2948 igitur
1869 2883 1949 2927 esse:

257 2985 431 3048 namura
450 2984 558 3046 vasae
579 2979 681 3045 latus
700 2981 831 3044 Martiis
855 2978 930 3061 quau
955 2997 1009 3062 ego
1030 2980 1280 3058 praesumem
1299 3000 1321 3041 a
1338 2978 1418 3042 void
1439 2981 1570 3044 diradare
1592 2983 1641 3046 vel
1664 2983 1806 3050 similiter.
1846 2982 1950 3046 Altera

259 3102 339 3164 οιιίιο
359 3103 445 3178 ratio,
462 3106 584 3181 nipast
607 3099 680 3162 Idm
699 3098 837 3162 Martias
863 3098 1008 3177 pertineat
1036 3115 1082 3172 eo,
1110 3095 1193 3178 quod
1213 3095 1323 3160 Cicero
1345 3096 1420 3159 illud
1440 3098 1529 3178 dixit,
1556 3101 1627 3166 satis
1650 3102 1749 3185 inepta
1770 3109 1824 3166 est
1866 3103 1949 3178 Quo-

259 3219 351 3282 modo
374 3217 452 3280 enim
471 3217 557 3279 aliter
571 3237 607 3280 ac
628 3222 698 3298 post
718 3216 788 3278 Idus
809 3215 929 3278 Mutius
948 3215 1060 3278 diceret
1081 3214 1200 3292 Cicero,
1219 3213 1327 3292 caedis,
1346 3235 1422 3298 quae
1443 3217 1612 3297 parabatur,
1634 3221 1775 3300 ignarus?

383 3337 556 3418 Sequuntur
572 3333 716 3397 nonnulla
735 3332 772 3395 de
791 3339 870 3396 statu
895 3332 1077 3413 reipublicae
1094 3333 1254 3410 Romanae,
1284 3333 1378 3415 qualis
1399 3340 1469 3413 post
1493 3335 1643 3400 interitum
1660 3334 1797 3401 Caesaris
1818 3336 1872 3398 luit
1894 3337 1948 3415 (ol.

258 3453 324 3520 libr.
340 3455 362 3533 1,
383 3455 403 3516 l
422 3455 524 3534 enm),
544 3452 575 3514 iu
596 3451 703 3535 quibus
723 3449 796 3512 nihil
819 3462 872 3527 est,
893 3450 975 3533 qnod
995 3451 1171 3531 vituperem,
1193 3457 1400 3534 praeterquam
1420 3452 1503 3534 quod
1522 3460 1649 3534 uterquc
1667 3456 1686 3518 i.
1707 3474 1733 3517 e.
1751 3453 1899 3516 Antonius
1918 3461 1949 3516 et

257 3573 398 3655 Lepidus,
421 3571 531 3634 dicitur
546 3589 656 3651 pacem
674 3577 809 3630 metram
828 3567 929 3646 inisse,
951 3587 1019 3630 cum
1041 3571 1180 3650 oporteat
1200 3587 1267 3632 esse
1280 3570 1370 3648 pacis
1389 3577 1541 3644 metuens,-
1564 3591 1662 3654 neque
1685 3572 1763 3636 enim
1785 3573 1816 3634 id
1837 3591 1898 3635 nnc
1917 3579 1948 3636 et

258 3697 342 3754 certo
363 3697 500 3771 tempore
520 3687 613 3751 luisse
635 3686 781 3764 dicuntur,
803 3685 859 3750 sed
879 3705 916 3750 ea
932 3695 1038 3748 natura
1062 3684 1163 3762 fuisse,
1196 3693 1230 3748 ut
1254 3705 1360 3766 pacem
1379 3687 1458 3750 terra
1479 3709 1540 3752 nou
1558 3695 1691 3770 possent
1744 3691 1807 3754 Sed
1828 3692 1886 3754 hoc
1904 3690 1947 3753 le-

258 3808 341 3884 vius;
360 3807 506 3871 sententia
528 3806 594 3887 ipsa
615 3804 775 3889 quomodo·
801 3803 908 3866 deinde
937 3801 1098 3885 procedat,
1125 3803 1318 3866 memorabile
1344 3811 1402 3868 est:
1440 3807 1499 3868 Hir
1525 3807 1702 3870 ademtae
1719 3809 1948 3890 pertrarbandae

257 3925 440 4009 respublicae
459 3925 635 4006 cupiditate,
657 3923 740 4004 parad
758 3925 871 4002 opponi
885 3927 987 4004 parret
999 3920 1201 4001 praesidabas,
1229 3939 1293 3982 aaa
1319 3920 1505 3987 habebamus.
1546 3928 1699 3990 Ενοοοναε
1721 3930 1803 3990 man
1822 3947 1853 3990 aa
1873 3929 1948 3990 civi·

258 4055 307 4109 tar
326 4048 361 4108 in
380 4043 540 4106 rcta'mnda
556 4039 696 4104 libertate
715 4041 909 4104 cmomo‘enr.
959 4039 1071 4101 ideone
1096 4037 1199 4102 civitas
1228 4037 1349 4101 carebat
1367 4041 1448 4102 omni
1467 4043 1629 4123 praesidio,
1649 4046 1718 4126 quia
1738 4065 1772 4118 se
1790 4045 1946 4108 erexerat?

258 4164 374 4228 Etenim
392 4163 507 4241 ar'gcre
527 4179 557 4221 aa
576 4159 648 4241 quid
664 4157 770 4234 valeat,
800 4159 890 4222 docet
914 4158 978 4238 ipae
1000 4155 1063 4220 cic.
1088 4157 1119 4218 in
1138 4155 1265 4237 Philipp.
1290 4159 1338 4233 10,
1358 4161 1385 4234 l,
1408 4160 1443 4221 92
1471 4161 1611 4242 (Brutus)
1639 4162 1742 4242 qsaoad
1764 4183 1816 4226 oar
1840 4166 1944 4225 omnia

252 4284 327 4365 pati
345 4279 431 4356 oida't,
451 4298 524 4339 arur
547 4284 593 4338 ert
614 4277 677 4358 ipra
693 4275 867 4339 recreatas
883 4275 1054 4356 pamma.-
1069 4279 1268 4354 posteaquam
1290 4295 1340 4337 oar
1359 4275 1403 4338 ad
1416 4275 1588 4340 *libertatem
1609 4281 1704 4341 rerm't
1719 4289 1837 4358 erecta,
1853 4301 1944 4362 praa·

255 4401 336 4464 adab
350 4403 467 4461 nestrae
483 4393 620 4458 libertast
629 4395 759 4473 paravit
775 4393 794 4455 i.
803 4413 829 4455 e.
848 4399 1006 4474 postquam
1027 4411 1082 4455 vos
1100 4391 1174 4454 vidit
1191 4392 1306 4456 munos
1323 4393 1438 4474 cepisse
1459 4395 1498 4458 ad
1515 4395 1683 4460 libertatem
1700 4387 1949 4480 recuperandam,

257 4519 373 4593 timore,
392 4515 443 4598 qni
462 4513 593 4592 affligere
614 4509 692 4574 solet
710 4510 853 4588 homines,
876 4510 1013 4591 deposito
1036 4515 1066 4572 et
1091 4509 1265 4573 tortitudine
1285 4516 1403 4592 sumpta
1427 4513 1565 4578 ambusse
1583 4515 1750 4580 libertatem
1773 4517 1941 4581 defendere.

406 4714 435 4781 1)
452 4691 556 4780 'ltaque
580 4725 632 4764 ncn
658 4715 701 4762 est
725 4710 894 4774 cogitandum
918 4709 952 4762 do
978 4710 1063 4775 aliqua
1087 4709 1136 4760 alia
1159 4723 1197 4771 re,
1221 4722 1291 4775 qnae
1308 4713 1371 4774 post
1390 4712 1452 4764 Idus
1472 4714 1580 4766 Martias
1598 4717 1698 4770 omissa
1714 4720 1756 4781 ait,
1780 4729 1941 4782 quamquam

258 4813 311 4866 Cic.
330 4805 491 4872 adlttlb,
510 4805 549 4868 11,
570 4803 587 4856 t
613 4801 694 4854 blatta
716 4802 775 4854 iada
796 4817 909 4852 armona
927 4800 1104 4869 metantur,
1127 4805 1204 4867 atque
1224 4799 1253 4850 td
1276 4799 1375 4866 quidam
1396 4801 1498 4856 Garama
1522 4807 1641 4870 mm,
1664 4809 1770 4860 maa
1797 4809 1940 4861 scamna

257 4903 433 4972 vanamque
449 4899 565 4970 praviter
581 4894 743 4952 amabant.
779 4896 844 4948 Nam
863 4895 897 4948 de
911 4896 1060 4948 Decimcsi
1077 4893 1140 4960 quid
1161 4893 1238 4946 vellet
1255 4893 1306 4947 hoc
1323 4894 1381 4950 loco
1398 4897 1498 4964 Cicero,
1516 4902 1695 4954 nominandus
1709 4905 1776 4954 erat.
