4650 5882
1103 619 1152 693 ts

273 821 360 893 trra,-
383 817 433 878 ria
452 815 528 898 μὴ]
537 811 631 897 sorte
650 811 824 892 atulam
844 819 884 876 ut
893 815 943 896 flt
960 815 996 877 ia
1012 812 1096 892 lello,
1114 815 1251 876 erecta
1270 820 1323 876 tao
1348 815 1525 878 niteremur.
1547 847 1586 864 -·
1615 815 1781 878 Praeclare
1800 817 1980 895 viceramus,

273 931 351 994 nisi
369 934 544 1014 spoleatara,
565 933 720 1008 man,
733 930 915 1013 sregrbxtcra
935 929 1070 1013 &pidre
1087 934 1243 1014 recepiret
1261 931 1431 994 Antoniam
1447 933 1488 1012 ¹).
1506 967 1547 982 -
1569 932 1723 996 Percrecde
1743 931 1801 996 tili
1819 935 1925 1014 ιζίίιιτ,
1947 937 1982 998 irc

277 1057 312 1112 te
331 1059 369 1113 et
394 1051 430 1112 ἐκ
454 1051 555 1112 Bruta
580 1055 634 1111 tac
656 1067 719 1111 erre
741 1050 855 1115 camb.
878 1085 917 1100 -·
946 1043 1068 1127 occat
1094 1057 1131 1111 oc
1152 1069 1246 1131 spero,
1276 1049 1364 1112 rictr's
1396 1047 1527 1112 hostibus
1550 1053 1664 1114 ccccc
1688 1053 1852 1129 emeca,
1879 1059 1983 1116 tamen

276 1169 475 1230 camarare
492 1175 592 1229 cerna
609 1163 779 1248 respublica
789 1174 959 1248 eeargctet
971 1169 1008 1228 τ’»
1026 1167 1131 1246 aliquo
1146 1175 1233 1230 stata
1249 1165 1402 1232 tolcraltlr'
1421 1169 1571 1232 conrirtet.
1603 1167 1681 1232 ilinc
1699 1167 1823 1234 dubium
1845 1188 1912 1232 esse
1931 1187 1984 1234 ne-

275 1284 367 1368 quit,
390 1285 461 1367 quin
482 1285 619 1348 falsarius
641 1285 691 1346 bic
710 1303 771 1347 non
794 1283 968 1347 sententiam
988 1285 1089 1364 nodo,
1109 1305 1213 1348 verum
1234 1285 1302 1368 ipsa
1321 1303 1418 1366 prope
1440 1285 1539 1348 omnia
1558 1285 1650 1348 verba
1669 1287 1840 1366 sumpserit,
1861 1285 1911 1369 qni
1929 1285 1983 1350 ubi

274 1401 420 1466 discedit
438 1403 476 1465 ab
492 1403 537 1480 iis,
558 1421 636 1486 quae
660 1401 741 1483 apud
768 1399 948 1466 Ciceronem
969 1402 1096 1484 legerat,
1118 1402 1147 1464 in
1170 1403 1327 1466 manifesto
1358 1402 1457 1466 statim
1487 1403 1718 1483 deprehenditur
1739 1421 1851 1466 errore.
1903 1403 1982 1468 Nam

277 1519 402 1584 Cicero
429 1520 548 1604 quidem
576 1520 691 1584 dixerat
709 1521 872 1601 prwlrre
892 1521 1078 1596 maaser,
1112 1520 1160 1582 bic
1177 1521 1384 1602 pulcherrime
1411 1522 1592 1584 viceramus.
1647 1520 1689 1583 At
1708 1519 1817 1584 Cicero
1836 1539 1982 1602 nusquam

274 1637 419 1720 pulcher
438 1645 469 1700 et
491 1637 622 1719 poiche
646 1637 788 1700 uanslata
814 1638 869 1701 bac
897 1635 1114 1719 significatione
1133 1637 1207 1700 dixit
1230 1637 1290 1701 nisi
1320 1658 1389 1703 cnm
1413 1637 1551 1730 brisiam
1575 1637 1692 1720 aliqua,
1722 1643 1756 1700 nt
1777 1657 1835 1720 pro
1856 1629 1983 1702 Murem

284 1761 342 1836 1‘2,
365 1759 406 1821 16
425 1758 557 1820 Praetor
573 1758 692 1818 interea
711 1775 751 1817 roc
766 1755 935 1837 pcdchrrcm
954 1776 986 1817 re
1002 1753 1045 1818 ac'
1059 1753 1180 1818 lectam
1192 1763 1323 1838 pataret
1339 1795 1382 1808 -
1394 1757 1425 1820 ei
1441 1775 1556 1838 qaoque
1574 1746 1700 1818 cannen
1716 1756 1912 1836 compensum
1930 1762 1982 1834 est,

285 1895 349 1940 nec
378 1874 546 1938 invenietur
573 1871 659 1936 locus
685 1872 782 1952 ullus,
811 1873 863 1936 ubi
882 1873 992 1936 Cicero
1019 1877 1099 1952 (nam
1124 1875 1162 1936 de
1189 1873 1255 1936 aliis
1276 1873 1475 1954 scriptoribus
1497 1879 1528 1936 et
1548 1873 1647 1955 potitis
1668 1891 1730 1936 non
1757 1873 1881 1952 recuso)
1902 1873 1983 1936 serio

288 1994 420 2077 loquens
441 2011 505 2054 rem
524 1989 622 2068 talem,
644 1989 741 2073 qualis
760 1990 887 2054 victoria
906 1997 961 2068 est,
984 1977 1140 2073 pulchram
1158 1991 1273 2054 dixerit.
1310 1992 1388 2055 'lum
1406 1991 1437 2052 in
1456 1989 1558 2073 priore
1578 1991 1696 2076 quidem
1716 1963 1983 2070 pertedisjunctae

293 2109 457 2173 sententiae
480 2128 553 2172 suae
577 2105 627 2170 hic
655 2107 853 2185 declamator,
882 2107 965 2192 qnod
985 2108 1056 2171 nihil
1083 2109 1121 2172 de
1145 2129 1201 2172 sno
1226 2107 1348 2186 addidit,
1374 2115 1457 2172 recte
1479 2108 1562 2187 dixit,
1584 2107 1706 2171 alteram
1728 2107 1797 2170 duro
1817 2126 1902 2171 more
1926 2126 1982 2172 sno

296 2227 425 2290 oratorie
445 2225 613 2308 amplificat,
629 2225 777 2307 corrupit
810 2225 922 2288 Scribit
944 2225 1029 2303 enim,
1051 2225 1077 2288 si
1097 2213 1231 2290 nondum
1251 2225 1369 2288 devicto
1392 2226 1433 2288 Μ.
1453 2223 1587 2290 Antonio
1608 2225 1776 2288 advenisset
1796 2227 1837 2288 M.
1858 2227 1981 2302 Brutus,

294 2365 372 2427 opns
401 2346 466 2408 lore
494 2346 559 2424 ejus
584 2365 655 2406 cum
678 2345 864 2406 auctoritate
884 2350 951 2404 tam
971 2345 1115 2422 macic,
1145 2345 1254 2408 Cicero
1276 2342 1387 2406 rectius
1407 2343 1506 2406 omisit
1523 2342 1737 2407 anctoritatem.
1779 2344 1823 2404 Ea
1847 2342 1877 2404 in
1900 2340 1982 2404 bello

294 2463 365 2526 nihil
393 2461 470 2525 valet
496 2462 554 2525 nisi
579 2461 618 2523 ad
639 2461 851 2524 continendum
872 2459 1044 2537 exercitum,
1065 2481 1154 2544 quem
1182 2469 1303 2524 senatus
1323 2459 1437 2524 nullum
1458 2460 1593 2537 habebat,
1622 2467 1653 2522 at
1670 2460 1751 2524 valet
1771 2459 1931 2543 plurimum
1951 2458 1983 2522 in

296 2601 385 2664 pacm
415 2580 503 2644 ineo
532 2581 610 2642 enim
630 2578 729 2663 posita
752 2585 808 2655 est,
826 2586 860 2642 nt
888 2578 1022 2641 homines
1048 2578 1255 2644 dissentientes
1277 2579 1360 2643 nulla
1378 2580 1408 2640 vi
1430 2577 1560 2642 adbibita
1583 2586 1679 2658 cogat.
1722 2579 1778 2642 llla
1801 2597 1883 2656 vero,
1906 2595 1983 2660 qnae

292 2700 411 2764 additur
430 2697 613 2760 adhortatio:
653 2695 716 2758 Sed
728 2715 870 2778 propera,
888 2716 946 2777 per
966 2696 1040 2761 deos.
1077 2697 1144 2760 Scis
1163 2699 1258 2775 mccc,
1280 2706 1431 2778 quantum
1449 2699 1492 2760 cit
1509 2699 1544 2760 c'rc
1563 2695 1752 2778 temporalem
1774 2703 1925 2776 quantam
1946 2697 1983 2756 ia
2023 2727 2027 2736 ·

292 2819 455 2892 celeritate,
483 2833 607 2896 prorsus
632 2813 759 2877 ridicula
784 2821 837 2876 est
878 2816 912 2877 ln
934 2813 1085 2878 celeritate
1112 2816 1232 2898 quidem
1258 2816 1420 2898 plurimum
1443 2821 1488 2879 est
1508 2813 1648 2897 positum,
1677 2814 1708 2876 in
1730 2812 1913 2895 temporibus
1933 2810 1982 2874 vel

291 2935 365 2998 nihil
390 2933 439 2996 vel
461 2931 569 2996 omnia
610 2931 758 2996 Nimirum
783 2932 841 2996 boc
869 2952 990 3016 qnoque
1020 2934 1221 3013 compositum
1247 2934 1410 2998 secundnm
1438 2933 1503 2996 ueri
1531 2931 1688 2996 Ciceronis
1715 2930 1796 2993 illem
1825 2927 1981 3012 epistolam

294 3052 473 3129 Cassianam,
495 3051 526 3114 in
547 3073 606 3135 qua
626 3055 699 3115 haec
721 3057 805 3114 sunt:
830 3051 984 3113 Permcdc
999 3049 1062 3129 tili,
1083 3053 1119 3112 ia
1139 3058 1169 3113 te
1189 3058 1220 3113 et
1237 3053 1273 3113 irc
1290 3047 1391 3116 Bruto
1411 3060 1465 3115 tuo
1485 3071 1545 3114 csse
1564 3051 1679 3113 omnia.

420 3169 510 3252 Quod
537 3169 728 3252 propositum
753 3167 842 3230 nobis
870 3175 943 3246 erat,
974 3173 1008 3232 nt
1032 3175 1124 3232 totam
1145 3169 1222 3232 banc
1242 3167 1399 3234 Ciceronis
1420 3169 1576 3250 epistolam
1602 3169 1668 3250 (qui
1689 3168 1765 3230 enim
1784 3163 1892 3248 reliqui
1913 3169 1982 3226 sunt

294 3289 383 3372 pauci
401 3307 516 3366 versus,
537 3306 599 3351 non
620 3305 728 3350 recuso
748 3285 821 3370 qnin
838 3283 915 3348 bene
935 3285 1040 3368 scripti
1058 3306 1125 3350 esso
1143 3286 1312 3369 videantur)
1337 3287 1587 3368 perlustraremus
1609 3293 1639 3349 et
1660 3284 1731 3369 quid
1750 3283 1861 3365 ubique
1880 3285 1932 3342 aut
1951 3281 1982 3340 in

292 3407 435 3472 latinitate
464 3413 516 3468 aut
537 3405 568 3467 in
589 3404 734 3466 serrantia
757 3409 808 3468 cut
828 3403 979 3480 iambus,
1002 3425 1078 3487 qnae
1100 3413 1377 3483 commemorantur,
1404 3409 1561 3487 peccatum
1582 3408 1669 3480 esset,
1699 3399 1921 3482 explicaremus,
1951 3397 1981 3458 id

293 3526 477 3590 absolvimus
503 3527 534 3584 et
559 3523 618 3584 boc
640 3521 776 3584 videmur
801 3521 889 3586 nobis
919 3521 1068 3600 effecisse,
1100 3529 1133 3587 nt
1162 3522 1330 3586 blarklnndi
1360 3529 1390 3587 et
1410 3521 1558 3587 Tunstalli
1584 3519 1839 3603 plurimorumque
1861 3515 1981 3578 omnino

294 3695 492 3711 ψ

445 3804 472 3872 1)
489 3807 553 3858 Utor
569 3805 787 3868 immersione,
808 3809 839 3858 ut
853 3807 918 3867 levo.
936 3806 986 3858 sed
1005 3807 1224 3871 praetermissum
1245 3805 1280 3858 ab
1299 3807 1499 3872 interpretibus,
1524 3805 1619 3857 vitium
1642 3805 1669 3855 ln
1688 3803 1740 3854 bac
1756 3799 1866 3868 epistola
1884 3796 1981 3848 tollam.

296 3901 452 3964 Sequuntur
470 3900 541 3951 enim
559 3898 584 3952 b.
603 3897 620 3952 Ι.
637 3897 719 3950 baec:
738 3896 828 3965 Itaqra
841 3913 970 3966 unquam
990 3904 1062 3950 tarto
1081 3897 1139 3950 odic
1155 3897 1256 3950 datast
1271 3895 1398 3950 Aatcnua
1416 3899 1477 3964 scit,
1496 3903 1590 3966 pacato
1610 3902 1647 3947 at
1658 3893 1774 3964 lepidae
1802 3894 1892 3958 Neque
1911 3889 1982 3943 enlm

296 3990 377 4042 laune
394 3990 492 4043 dtcttur
512 4006 567 4042 ears
586 3987 667 4040 abrai
684 3987 753 4052 odio,
772 3990 821 4042 sed
837 4008 893 4042 rm
907 3987 989 4041 alieri
1004 3989 1032 4042 ia
1050 3989 1118 4055 odic,
1138 3993 1170 4042 ut
1186 3991 1239 4044 Cic.
1255 3991 1290 4043 ad
1308 3993 1360 4045 xtt.
1378 3988 1404 4056 1,
1420 3988 1462 4055 m,
1479 3989 1493 4043 1
1518 4005 1586 4042 meac
1602 3994 1705 4057 reperte
1727 3991 1797 4037 torto
1817 3983 1846 4036 ir
1869 3981 1926 4034 ⁰⁰50
1944 3986 1982 4032 etl

297 4079 418 4144 omnibus,
433 4087 463 4132 et
481 4109 510 4121 -
528 4081 694 4147 lonm,·
715 4082 750 4135 ad
766 4083 816 4134 tta
837 4081 877 4147 14,
897 4084 920 4149 1,
938 4081 956 4136 l
974 4100 1018 4152 epo
1036 4082 1155 4146 deliteat,
1175 4082 1236 4151 qea'n
1253 4100 1348 4136 mna
1365 4083 1393 4135 ior
1409 4083 1466 4136 odio
1481 4083 1535 4136 tina
1565 4085 1652 4145 Quare
1668 4084 1695 4133 ln
1713 4080 1770 4142 huc,
1791 4077 1825 4130 de
1843 4089 1895 4142 qud
1913 4073 1982 4136 (110⁰,

298 4173 410 4236 epistola
436 4173 608 4228 scribendum
623 4179 666 4228 est
683 4189 813 4242 mperes
828 4175 856 4224 ia
872 4183 943 4228 tacto
960 4176 1017 4228 odic
1035 4175 1146 4228 matus
1164 4175 1224 4240 ferit,
1248 4179 1383 4229 contrario
1408 4176 1581 4229 correctionis
1606 4187 1702 4241 genere
1726 4175 1806 4237 atque
1826 4170 1855 4221 ln
1873 4167 1980 4232 Pblllpp.

298 4259 339 4326 14,
358 4259 400 4324 12,
419 4260 453 4316 ts
470 4261 565 4317 Actae
581 4267 662 4336 ipim
675 4265 812 4335 praeclare
826 4267 953 4320 cabasam
972 4295 1001 4306 —
1018 4267 1086 4336 prod
1099 4275 1186 4320 satra
1203 4267 1284 4320 cirtae
1309 4285 1356 4320 rec
1375 4265 1499 4320 obicione
1515 4283 1609 4331 mrara,
1636 4265 1680 4334 μ’
1697 4279 1765 4315 aare
1782 4267 1849 4326 ml,
1868 4275 1916 4311 aaa
1932 4271 1980 4308 to·-

299 4354 407 4408 ticentia
422 4360 582 4423 posteram
598 4360 778 4426 insepulta
797 4375 850 4410 aaa
864 4361 968 4429 poterit,
994 4360 1040 4413 ubl
1058 4361 1171 4414 Ferrarii
1190 4361 1338 4426 artificium,
1363 4374 1416 4427 quo
1442 4361 1576 4427 rugatam
1595 4360 1735 4414 lectionem
1760 4359 1857 4418 tuetur,
1874 4361 1980 4416 nequa·

298 4462 381 4516 quam
399 4447 462 4500 lerrl
482 4451 580 4515 potest
616 4453 729 4518 Oportet
744 4453 824 4518 igitur
844 4465 905 4506 esse
920 4451 1022 4522 sepulta
1046 4469 1099 4504 erre
1119 4453 1222 4522 poterit
1267 4455 1387 4521 itemquo
1409 4453 1603 4507 emendandum
1628 4452 1679 4504 crit
1700 4449 1772 4516 apud
1795 4449 1848 4501 Cic.
1869 4458 1895 4508 p.
1913 4441 1979 4494 flur·

299 4539 342 4606 10,
358 4538 394 4594 87
411 4539 435 4592 ri
453 4540 556 4605 moe,
574 4549 603 4594 at
621 4543 742 4596 laium
761 4543 851 4610 dmm,
872 4544 928 4598 odra
947 4563 994 4598 xeo
1014 4545 1081 4597 dorsi
1106 4561 1153 4597 aec
1174 4545 1282 4597 albiae
1303 4545 1361 4612 (trit,
1383 4544 1428 4598 ubi
1451 4559 1512 4599 asse
1536 4547 1642 4614 oportet
1660 4542 1688 4595 ta
1705 4541 1770 4595 odic.
1816 4535 1891 4592 Aliud
1909 4531 1980 4587 enim

301 4635 420 4688 estesse
438 4648 530 4700 ropac
551 4632 608 4685 odio
630 4635 700 4706 cpad
724 4633 844 4704 adm,
869 4640 900 4689 ut
917 4638 975 4691 odio
995 4637 1134 4700 ablativus,
1160 4653 1214 4690 non
1240 4639 1345 4691 dativus
1364 4639 1406 4702 stt,
1432 4641 1463 4690 ut
1486 4640 1540 4694 cic.
1563 4641 1589 4691 tn
1613 4636 1760 4692 Vermbct
1777 4634 1796 4697 1,
1817 4624 1856 4696 ll,
1875 4623 1980 4689 410110

300 4725 399 4790 maiora
416 4727 501 4792 otiare,
520 4725 616 4792 rificri
632 4735 724 4796 potest,
744 4729 815 4801 apud
825 4745 871 4783 ror
889 4729 945 4783 coia
964 4745 1018 4784 etro
1032 4729 1111 4796 debet,
1126 4747 1202 4800 pars
1224 4739 1262 4784 est
1278 4728 1348 4800 apud
1361 4727 1482 4802 popam
1503 4731 1649 4786 Rom.

1738 4823 1786 4891 61
