<?xml version="1.0" encoding="UTF-8"?>
<!DOCTYPE html PUBLIC "-//W3C//DTD XHTML 1.0 Transitional//EN"
    "http://www.w3.org/TR/xhtml1/DTD/xhtml1-transitional.dtd">
<html xmlns="http://www.w3.org/1999/xhtml" xml:lang="en" lang="en">
 <head>
  <title>
</title>
<meta http-equiv="Content-Type" content="text/html;charset=utf-8" />
  <meta name='ocr-system' content='tesseract 3.04.00' />
  <meta name='ocr-capabilities' content='ocr_page ocr_carea ocr_par ocr_line ocrx_word'/>
</head>
<body>
  <div class='ocr_page' id='page_1' title='image "./demtulliicicero00zumpgoog_0029.png"; bbox 0 0 4650 5882; ppageno 0'>
   <div class='ocr_carea' id='block_1_1' title="bbox 1169 569 1221 642">
    <p class='ocr_par' dir='ltr' id='par_1_1' title="bbox 1169 569 1221 642">
     <span class='ocr_line' id='line_1_1' title="bbox 1169 569 1221 642; baseline 0 0"><span class='ocrx_word' id='word_1_1' title='bbox 1169 569 1221 642; x_wconf 78' lang='lat'><em>2⁰</em></span> 
     </span>
    </p>
   </div>
   <div class='ocr_carea' id='block_1_2' title="bbox 342 755 2053 2394">
    <p class='ocr_par' dir='ltr' id='par_1_2' title="bbox 342 755 2053 2394">
     <span class='ocr_line' id='line_1_2' title="bbox 344 755 2047 854; baseline -0.004 -15"><span class='ocrx_word' id='word_1_2' title='bbox 344 778 433 840; x_wconf 90' lang='lat' dir='ltr'><em>sistis.</em></span> <span class='ocrx_word' id='word_1_3' title='bbox 475 775 581 854; x_wconf 89' lang='lat' dir='ltr'><em>Itaque</em></span> <span class='ocrx_word' id='word_1_4' title='bbox 607 793 676 836; x_wconf 79' lang='lat' dir='ltr'><em>mem</em></span> <span class='ocrx_word' id='word_1_5' title='bbox 700 772 799 834; x_wconf 81' lang='lat' dir='ltr'><em>tauri</em></span> <span class='ocrx_word' id='word_1_6' title='bbox 825 767 928 832; x_wconf 82' lang='lat' dir='ltr'><em>urbem</em></span> <span class='ocrx_word' id='word_1_7' title='bbox 962 789 984 832; x_wconf 90' lang='lat' dir='ltr'><em>a</em></span> <span class='ocrx_word' id='word_1_8' title='bbox 1001 769 1173 849; x_wconf 84' lang='lat' dir='ltr'><em>parrs&#39;cids&#39;s</em></span> <span class='ocrx_word' id='word_1_9' title='bbox 1200 769 1345 846; x_wconf 87' lang='lat' dir='ltr'><em>os&#39;slerem,</em></span> <span class='ocrx_word' id='word_1_10' title='bbox 1374 789 1430 832; x_wconf 89' lang='lat' dir='ltr'><em>nec</em></span> <span class='ocrx_word' id='word_1_11' title='bbox 1463 776 1493 832; x_wconf 86' lang='lat' dir='ltr'><em>te</em></span> <span class='ocrx_word' id='word_1_12' title='bbox 1519 773 1554 833; x_wconf 88' lang='lat' dir='ltr'><em>in</em></span> <span class='ocrx_word' id='word_1_13' title='bbox 1583 791 1629 847; x_wconf 86' lang='lat' dir='ltr'><em>ea,</em></span> <span class='ocrx_word' id='word_1_14' title='bbox 1659 791 1715 834; x_wconf 88' lang='lat' dir='ltr'><em>nec</em></span> <span class='ocrx_word' id='word_1_15' title='bbox 1737 769 1874 834; x_wconf 65' lang='lat' dir='ltr'><em>&amp;sanos</em></span> <span class='ocrx_word' id='word_1_16' title='bbox 1898 777 1965 832; x_wconf 83' lang='lat' dir='ltr'><em>tuto</em></span> <span class='ocrx_word' id='word_1_17' title='bbox 1987 755 2047 832; x_wconf 89' lang='lat' dir='ltr'><em>esse</em></span> 
     </span>
     <span class='ocr_line' id='line_1_3' title="bbox 342 886 2047 976; baseline -0.004 -20"><span class='ocrx_word' id='word_1_18' title='bbox 342 913 436 976; x_wconf 92' lang='lat' dir='ltr'><em>posse,</em></span> <span class='ocrx_word' id='word_1_19' title='bbox 457 911 581 971; x_wconf 68' lang='lat' dir='ltr'><em>umque</em></span> <span class='ocrx_word' id='word_1_20' title='bbox 600 893 695 953; x_wconf 87' lang='lat' dir='ltr'><em>armis</em></span> <span class='ocrx_word' id='word_1_21' title='bbox 715 908 885 970; x_wconf 86' lang='lat' dir='ltr'><em>oppressam</em></span> <span class='ocrx_word' id='word_1_22' title='bbox 909 886 946 949; x_wconf 80' lang='lat' dir='ltr'><em>ab</em></span> <span class='ocrx_word' id='word_1_23' title='bbox 963 887 1116 950; x_wconf 81' lang='lat' dir='ltr'><em>Antonio:</em></span> <span class='ocrx_word' id='word_1_24' title='bbox 1138 888 1218 950; x_wconf 73' lang='lat' dir='ltr'><em>mili</em></span> <span class='ocrx_word' id='word_1_25' title='bbox 1235 907 1350 969; x_wconf 88' lang='lat' dir='ltr'><em>quoque</em></span> <span class='ocrx_word' id='word_1_26' title='bbox 1367 890 1428 969; x_wconf 86' lang='lat' dir='ltr'><em>ipsi</em></span> <span class='ocrx_word' id='word_1_27' title='bbox 1447 907 1506 950; x_wconf 85' lang='lat' dir='ltr'><em>esse</em></span> <span class='ocrx_word' id='word_1_28' title='bbox 1527 890 1731 952; x_wconf 68' lang='lat' dir='ltr'><em>namneum</em></span> <span class='ocrx_word' id='word_1_29' title='bbox 1747 891 1870 969; x_wconf 74' lang='lat' dir='ltr'><em>putam.</em></span> <span class='ocrx_word' id='word_1_30' title='bbox 1917 891 2047 952; x_wconf 83' lang='lat' dir='ltr'><em>Tetrsem</em></span> 
     </span>
     <span class='ocr_line' id='line_1_4' title="bbox 347 1004 2046 1091; baseline -0.003 -19"><span class='ocrx_word' id='word_1_31' title='bbox 347 1013 430 1072; x_wconf 87' lang='lat' dir='ltr'><em>enim</em></span> <span class='ocrx_word' id='word_1_32' title='bbox 450 1011 664 1091; x_wconf 66' lang='lat' dir='ltr'><em>pectamlum,</em></span> <span class='ocrx_word' id='word_1_33' title='bbox 692 1027 831 1088; x_wconf 84' lang='lat' dir='ltr'><em>oppressa</em></span> <span class='ocrx_word' id='word_1_34' title='bbox 855 1004 893 1066; x_wconf 84' lang='lat' dir='ltr'><em>ab</em></span> <span class='ocrx_word' id='word_1_35' title='bbox 918 1007 1021 1086; x_wconf 85' lang='lat' dir='ltr'><em>impiis</em></span> <span class='ocrx_word' id='word_1_36' title='bbox 1044 1007 1161 1083; x_wconf 90' lang='lat' dir='ltr'><em>ciuitas,</em></span> <span class='ocrx_word' id='word_1_37' title='bbox 1184 1007 1362 1088; x_wconf 82' lang='lat' dir='ltr'><em>opitulandi</em></span> <span class='ocrx_word' id='word_1_38' title='bbox 1378 1014 1529 1087; x_wconf 87' lang='lat' dir='ltr'><em>potestate</em></span> <span class='ocrx_word' id='word_1_39' title='bbox 1546 1009 1695 1087; x_wconf 80' lang='lat' dir='ltr'><em>praesim.</em></span> <span class='ocrx_word' id='word_1_40' title='bbox 1737 1007 1800 1068; x_wconf 91' lang='lat' dir='ltr'><em>Sed</em></span> <span class='ocrx_word' id='word_1_41' title='bbox 1816 1008 1941 1068; x_wconf 78' lang='lat' dir='ltr'><em>animus</em></span> <span class='ocrx_word' id='word_1_42' title='bbox 1958 1005 2046 1083; x_wconf 74' lang='lat' dir='ltr'><em>ideam</em></span> 
     </span>
     <span class='ocr_line' id='line_1_5' title="bbox 347 1121 2048 1209; baseline -0.004 -19"><span class='ocrx_word' id='word_1_43' title='bbox 347 1131 404 1209; x_wconf 90' lang='lat' dir='ltr'><em>qui</em></span> <span class='ocrx_word' id='word_1_44' title='bbox 420 1147 534 1207; x_wconf 86' lang='lat' dir='ltr'><em>semper</em></span> <span class='ocrx_word' id='word_1_45' title='bbox 554 1127 673 1206; x_wconf 73' lang='lat' dir='ltr'><em>infimus</em></span> <span class='ocrx_word' id='word_1_46' title='bbox 690 1133 734 1186; x_wconf 88' lang='lat' dir='ltr'><em>est</em></span> <span class='ocrx_word' id='word_1_47' title='bbox 752 1127 787 1185; x_wconf 89' lang='lat' dir='ltr'><em>in</em></span> <span class='ocrx_word' id='word_1_48' title='bbox 802 1125 928 1205; x_wconf 78' lang='lat' dir='ltr'><em>patriae</em></span> <span class='ocrx_word' id='word_1_49' title='bbox 947 1125 1087 1200; x_wconf 87' lang='lat' dir='ltr'><em>caritate,</em></span> <span class='ocrx_word' id='word_1_50' title='bbox 1115 1123 1273 1186; x_wconf 73' lang='lat' dir='ltr'><em>descessum</em></span> <span class='ocrx_word' id='word_1_51' title='bbox 1295 1121 1332 1184; x_wconf 85' lang='lat' dir='ltr'><em>ab</em></span> <span class='ocrx_word' id='word_1_52' title='bbox 1354 1125 1418 1205; x_wconf 89' lang='lat' dir='ltr'><em>ejus</em></span> <span class='ocrx_word' id='word_1_53' title='bbox 1432 1125 1582 1205; x_wconf 61' lang='lat' dir='ltr'><em>ponendis</em></span> <span class='ocrx_word' id='word_1_54' title='bbox 1592 1123 1688 1207; x_wconf 87' lang='lat' dir='ltr'><em>serre</em></span> <span class='ocrx_word' id='word_1_55' title='bbox 1706 1143 1771 1185; x_wconf 89' lang='lat' dir='ltr'><em>nan</em></span> <span class='ocrx_word' id='word_1_56' title='bbox 1785 1126 1899 1204; x_wconf 87' lang='lat' dir='ltr'><em>potuit.</em></span> <span class='ocrx_word' id='word_1_57' title='bbox 1940 1125 2048 1203; x_wconf 86' lang='lat' dir='ltr'><em>Itaque</em></span> 
     </span>
     <span class='ocr_line' id='line_1_6' title="bbox 347 1239 2047 1321; baseline -0.003 -14"><span class='ocrx_word' id='word_1_58' title='bbox 347 1247 383 1308; x_wconf 92' lang='lat' dir='ltr'><em>in</em></span> <span class='ocrx_word' id='word_1_59' title='bbox 399 1245 496 1306; x_wconf 88' lang='lat' dir='ltr'><em>medio</em></span> <span class='ocrx_word' id='word_1_60' title='bbox 513 1244 645 1307; x_wconf 73' lang='lat' dir='ltr'><em>Achaico</em></span> <span class='ocrx_word' id='word_1_61' title='bbox 663 1261 765 1318; x_wconf 88' lang='lat' dir='ltr'><em>cursa,</em></span> <span class='ocrx_word' id='word_1_62' title='bbox 785 1261 856 1304; x_wconf 89' lang='lat' dir='ltr'><em>cum</em></span> <span class='ocrx_word' id='word_1_63' title='bbox 876 1242 1052 1304; x_wconf 78' lang='lat' dir='ltr'><em>Etesiarum</em></span> <span class='ocrx_word' id='word_1_64' title='bbox 1077 1239 1178 1302; x_wconf 75' lang='lat' dir='ltr'><em>deeius</em></span> <span class='ocrx_word' id='word_1_65' title='bbox 1203 1240 1315 1303; x_wconf 80' lang='lat' dir='ltr'><em>Auster</em></span> <span class='ocrx_word' id='word_1_66' title='bbox 1335 1261 1382 1302; x_wconf 92' lang='lat' dir='ltr'><em>me</em></span> <span class='ocrx_word' id='word_1_67' title='bbox 1407 1244 1442 1304; x_wconf 87' lang='lat' dir='ltr'><em>in</em></span> <span class='ocrx_word' id='word_1_68' title='bbox 1460 1244 1594 1318; x_wconf 78' lang='lat' dir='ltr'><em>Italum,</em></span> <span class='ocrx_word' id='word_1_69' title='bbox 1617 1243 1707 1321; x_wconf 76' lang='lat' dir='ltr'><em>qssasi</em></span> <span class='ocrx_word' id='word_1_70' title='bbox 1724 1242 1879 1304; x_wconf 74' lang='lat' dir='ltr'><em>dissuasor</em></span> <span class='ocrx_word' id='word_1_71' title='bbox 1897 1241 1959 1302; x_wconf 90' lang='lat' dir='ltr'><em>mei</em></span> <span class='ocrx_word' id='word_1_72' title='bbox 1970 1261 2047 1302; x_wconf 90' lang='lat' dir='ltr'><em>con-</em></span> 
     </span>
     <span class='ocr_line' id='line_1_7' title="bbox 347 1357 2047 1441; baseline -0.002 -17"><span class='ocrx_word' id='word_1_73' title='bbox 347 1365 420 1441; x_wconf 90' lang='lat' dir='ltr'><em>silii,</em></span> <span class='ocrx_word' id='word_1_74' title='bbox 448 1363 605 1438; x_wconf 76' lang='lat' dir='ltr'><em>retulisset,</em></span> <span class='ocrx_word' id='word_1_75' title='bbox 637 1369 666 1422; x_wconf 90' lang='lat' dir='ltr'><em>te</em></span> <span class='ocrx_word' id='word_1_76' title='bbox 690 1360 756 1422; x_wconf 86' lang='lat' dir='ltr'><em>uidi</em></span> <span class='ocrx_word' id='word_1_77' title='bbox 781 1359 881 1422; x_wconf 78' lang='lat' dir='ltr'><em>Veliae</em></span> <span class='ocrx_word' id='word_1_78' title='bbox 908 1357 1050 1438; x_wconf 86' lang='lat' dir='ltr'><em>doluique</em></span> <span class='ocrx_word' id='word_1_79' title='bbox 1085 1359 1279 1422; x_wconf 76' lang='lat' dir='ltr'><em>veliementer.</em></span> <span class='ocrx_word' id='word_1_80' title='bbox 1331 1357 1458 1424; x_wconf 78' lang='lat' dir='ltr'><em>Cedebm</em></span> <span class='ocrx_word' id='word_1_81' title='bbox 1480 1362 1571 1438; x_wconf 89' lang='lat' dir='ltr'><em>enim,</em></span> <span class='ocrx_word' id='word_1_82' title='bbox 1596 1361 1704 1437; x_wconf 87' lang='lat' dir='ltr'><em>Brute,</em></span> <span class='ocrx_word' id='word_1_83' title='bbox 1732 1357 1853 1421; x_wconf 79' lang='lat' dir='ltr'><em>cedebas</em></span> <span class='ocrx_word' id='word_1_84' title='bbox 1858 1384 1870 1435; x_wconf 91' lang='lat'><em>,·</em></span> <span class='ocrx_word' id='word_1_85' title='bbox 1901 1360 2047 1439; x_wconf 65' lang='lat' dir='ltr'><em>proneam</em></span> 
     </span>
     <span class='ocr_line' id='line_1_8' title="bbox 349 1475 2049 1558; baseline -0.003 -15"><span class='ocrx_word' id='word_1_86' title='bbox 349 1481 447 1544; x_wconf 87' lang='lat' dir='ltr'><em>Stoici</em></span> <span class='ocrx_word' id='word_1_87' title='bbox 468 1481 562 1541; x_wconf 85' lang='lat' dir='ltr'><em>uestri</em></span> <span class='ocrx_word' id='word_1_88' title='bbox 579 1483 710 1558; x_wconf 77' lang='lat' dir='ltr'><em>negant,</em></span> <span class='ocrx_word' id='word_1_89' title='bbox 727 1475 849 1557; x_wconf 80' lang='lat' dir='ltr'><em>fugere</em></span> <span class='ocrx_word' id='word_1_90' title='bbox 868 1477 1022 1556; x_wconf 72' lang='lat' dir='ltr'><em>sapsessts&#39;s.</em></span> <span class='ocrx_word' id='word_1_91' title='bbox 1063 1477 1195 1539; x_wconf 82' lang='lat' dir='ltr'><strong><em>Romam</em></strong></span> <span class='ocrx_word' id='word_1_92' title='bbox 1216 1483 1255 1536; x_wconf 88' lang='lat' dir='ltr'><em>ut</em></span> <span class='ocrx_word' id='word_1_93' title='bbox 1269 1478 1349 1554; x_wconf 90' lang='lat' dir='ltr'><em>oeni,</em></span> <span class='ocrx_word' id='word_1_94' title='bbox 1376 1481 1481 1539; x_wconf 83' lang='lat' dir='ltr'><em>statim</em></span> <span class='ocrx_word' id='word_1_95' title='bbox 1502 1499 1550 1538; x_wconf 89' lang='lat' dir='ltr'><em>me</em></span> <span class='ocrx_word' id='word_1_96' title='bbox 1569 1476 1667 1539; x_wconf 82' lang='lat' dir='ltr'><em>obtuli</em></span> <span class='ocrx_word' id='word_1_97' title='bbox 1684 1476 1817 1538; x_wconf 82' lang='lat' dir='ltr'><em>Antonii</em></span> <span class='ocrx_word' id='word_1_98' title='bbox 1832 1477 1940 1538; x_wconf 77' lang='lat' dir='ltr'><em>soelesi</em></span> <span class='ocrx_word' id='word_1_99' title='bbox 1956 1485 2049 1557; x_wconf 86' lang='lat' dir='ltr'><em>atque</em></span> 
     </span>
     <span class='ocr_line' id='line_1_9' title="bbox 350 1593 2050 1676; baseline -0.002 -16"><span class='ocrx_word' id='word_1_100' title='bbox 350 1598 534 1660; x_wconf 86' lang='lat' dir='ltr'><em>dementiae:</em></span> <span class='ocrx_word' id='word_1_101' title='bbox 558 1615 646 1676; x_wconf 85' lang='lat' dir='ltr'><em>qssem</em></span> <span class='ocrx_word' id='word_1_102' title='bbox 664 1615 735 1656; x_wconf 91' lang='lat' dir='ltr'><em>cum</em></span> <span class='ocrx_word' id='word_1_103' title='bbox 760 1596 796 1656; x_wconf 89' lang='lat' dir='ltr'><em>in</em></span> <span class='ocrx_word' id='word_1_104' title='bbox 824 1613 872 1654; x_wconf 90' lang='lat' dir='ltr'><em>me</em></span> <span class='ocrx_word' id='word_1_105' title='bbox 897 1595 1110 1670; x_wconf 87' lang='lat' dir='ltr'><em>s&#39;ncitaoissem,</em></span> <span class='ocrx_word' id='word_1_106' title='bbox 1131 1593 1260 1656; x_wconf 74' lang='lat' dir='ltr'><em>consiliu</em></span> <span class='ocrx_word' id='word_1_107' title='bbox 1280 1595 1362 1656; x_wconf 82' lang='lat' dir='ltr'><em>ine&#39;re</em></span> <span class='ocrx_word' id='word_1_108' title='bbox 1378 1595 1463 1674; x_wconf 83' lang='lat' dir='ltr'><em>coepi</em></span> <span class='ocrx_word' id='word_1_109' title='bbox 1476 1596 1613 1657; x_wconf 86' lang='lat' dir='ltr'><em>Brutina</em></span> <span class='ocrx_word' id='word_1_110' title='bbox 1625 1595 1724 1675; x_wconf 83' lang='lat' dir='ltr'><em>plane</em></span> <span class='ocrx_word' id='word_1_111' title='bbox 1744 1595 1854 1671; x_wconf 85' lang='lat' dir='ltr'><em>(vestri</em></span> <span class='ocrx_word' id='word_1_112' title='bbox 1872 1595 1955 1655; x_wconf 88' lang='lat' dir='ltr'><em>enim</em></span> <span class='ocrx_word' id='word_1_113' title='bbox 1974 1593 2050 1656; x_wconf 81' lang='lat' dir='ltr'><em>laec</em></span> 
     </span>
     <span class='ocr_line' id='line_1_10' title="bbox 349 1707 2051 1795; baseline -0.004 -17"><span class='ocrx_word' id='word_1_114' title='bbox 349 1722 424 1778; x_wconf 87' lang='lat' dir='ltr'><em>sunt</em></span> <span class='ocrx_word' id='word_1_115' title='bbox 437 1714 569 1795; x_wconf 85' lang='lat' dir='ltr'><em>propn&#39;a</em></span> <span class='ocrx_word' id='word_1_116' title='bbox 590 1714 770 1794; x_wconf 73' lang='lat' dir='ltr'><em>sanguinis)</em></span> <span class='ocrx_word' id='word_1_117' title='bbox 790 1713 838 1773; x_wconf 88' lang='lat' dir='ltr'><em>rei</em></span> <span class='ocrx_word' id='word_1_118' title='bbox 848 1707 993 1791; x_wconf 77' lang='lat' dir='ltr'><em>publicae</em></span> <span class='ocrx_word' id='word_1_119' title='bbox 1012 1709 1196 1772; x_wconf 67' lang='lat' dir='ltr'><em>liberandae.</em></span> <span class='ocrx_word' id='word_1_120' title='bbox 1235 1712 1350 1792; x_wconf 74' lang='lat' dir='ltr'><em>Longa</em></span> <span class='ocrx_word' id='word_1_121' title='bbox 1362 1719 1444 1789; x_wconf 85' lang='lat' dir='ltr'><em>sunt,</em></span> <span class='ocrx_word' id='word_1_122' title='bbox 1465 1732 1543 1792; x_wconf 87' lang='lat' dir='ltr'><em>quae</em></span> <span class='ocrx_word' id='word_1_123' title='bbox 1561 1719 1690 1787; x_wconf 85' lang='lat' dir='ltr'><em>restant,</em></span> <span class='ocrx_word' id='word_1_124' title='bbox 1708 1711 1949 1792; x_wconf 67' lang='lat' dir='ltr'><em>praemessndm</em></span> <span class='ocrx_word' id='word_1_125' title='bbox 1975 1719 2051 1772; x_wconf 87' lang='lat' dir='ltr'><em>sunt</em></span> 
     </span>
     <span class='ocr_line' id='line_1_11' title="bbox 350 1825 2052 1911; baseline -0.003 -15"><span class='ocrx_word' id='word_1_126' title='bbox 350 1835 433 1896; x_wconf 87' lang='lat' dir='ltr'><em>enim</em></span> <span class='ocrx_word' id='word_1_127' title='bbox 450 1833 486 1893; x_wconf 91' lang='lat' dir='ltr'><em>de</em></span> <span class='ocrx_word' id='word_1_128' title='bbox 501 1853 563 1903; x_wconf 87' lang='lat' dir='ltr'><em>me,·</em></span> <span class='ocrx_word' id='word_1_129' title='bbox 587 1838 711 1892; x_wconf 88' lang='lat' dir='ltr'><em>tantum</em></span> <span class='ocrx_word' id='word_1_130' title='bbox 725 1829 800 1906; x_wconf 86' lang='lat' dir='ltr'><em>dico,</em></span> <span class='ocrx_word' id='word_1_131' title='bbox 823 1827 981 1894; x_wconf 66' lang='lat' dir='ltr'><em>&amp;suarem</em></span> <span class='ocrx_word' id='word_1_132' title='bbox 998 1828 1082 1890; x_wconf 82' lang='lat' dir='ltr'><em>lunc</em></span> <span class='ocrx_word' id='word_1_133' title='bbox 1101 1827 1326 1907; x_wconf 63' lang='lat' dir='ltr'><em>adolescentem,</em></span> <span class='ocrx_word' id='word_1_134' title='bbox 1341 1850 1401 1910; x_wconf 87' lang='lat' dir='ltr'><em>per</em></span> <span class='ocrx_word' id='word_1_135' title='bbox 1415 1850 1503 1911; x_wconf 85' lang='lat' dir='ltr'><em>qssem</em></span> <span class='ocrx_word' id='word_1_136' title='bbox 1523 1829 1624 1892; x_wconf 79' lang='lat' dir='ltr'><em>adduc</em></span> <span class='ocrx_word' id='word_1_137' title='bbox 1643 1850 1756 1907; x_wconf 78' lang='lat' dir='ltr'><em>mmus,</em></span> <span class='ocrx_word' id='word_1_138' title='bbox 1779 1829 1809 1890; x_wconf 89' lang='lat' dir='ltr'><em>si</em></span> <span class='ocrx_word' id='word_1_139' title='bbox 1824 1847 1930 1890; x_wconf 78' lang='lat' dir='ltr'><em>oerum</em></span> <span class='ocrx_word' id='word_1_140' title='bbox 1941 1825 2052 1909; x_wconf 83' lang='lat' dir='ltr'><em>fateri</em></span> 
     </span>
     <span class='ocr_line' id='line_1_12' title="bbox 350 1945 2051 2034; baseline -0.004 -20"><span class='ocrx_word' id='word_1_141' title='bbox 350 1952 499 2025; x_wconf 83' lang='lat' dir='ltr'><em>uolumus,</em></span> <span class='ocrx_word' id='word_1_142' title='bbox 512 1949 645 2034; x_wconf 70' lang='lat' dir='ltr'><em>fluause</em></span> <span class='ocrx_word' id='word_1_143' title='bbox 665 1969 704 2010; x_wconf 79' lang='lat' dir='ltr'><em>ee</em></span> <span class='ocrx_word' id='word_1_144' title='bbox 714 1947 815 2030; x_wconf 86' lang='lat' dir='ltr'><em>fonte</em></span> <span class='ocrx_word' id='word_1_145' title='bbox 835 1948 1033 2009; x_wconf 81' lang='lat' dir='ltr'><em>connliorum</em></span> <span class='ocrx_word' id='word_1_146' title='bbox 1051 1963 1196 2008; x_wconf 80' lang='lat' dir='ltr'><em>meorum</em></span> <span class='ocrx_word' id='word_1_147' title='bbox 1238 1947 1323 2008; x_wconf 79' lang='lat' dir='ltr'><em>Hicic</em></span> <span class='ocrx_word' id='word_1_148' title='bbox 1340 1945 1440 2008; x_wconf 75' lang='lat' dir='ltr'><em>latin</em></span> <span class='ocrx_word' id='word_1_149' title='bbox 1457 1968 1478 2009; x_wconf 91' lang='lat' dir='ltr'><em>a</em></span> <span class='ocrx_word' id='word_1_150' title='bbox 1491 1967 1540 2008; x_wconf 91' lang='lat' dir='ltr'><em>me</em></span> <span class='ocrx_word' id='word_1_151' title='bbox 1551 1947 1679 2010; x_wconf 83' lang='lat' dir='ltr'><em>honores</em></span> <span class='ocrx_word' id='word_1_152' title='bbox 1694 1948 1779 2009; x_wconf 89' lang='lat' dir='ltr'><em>nulli</em></span> <span class='ocrx_word' id='word_1_153' title='bbox 1791 1946 1921 2026; x_wconf 77' lang='lat' dir='ltr'><em>quidesse,</em></span> <span class='ocrx_word' id='word_1_154' title='bbox 1941 1945 2051 2024; x_wconf 85' lang='lat' dir='ltr'><em>Brute,</em></span> 
     </span>
     <span class='ocr_line' id='line_1_13' title="bbox 349 2062 2050 2144; baseline -0.002 -14"><span class='ocrx_word' id='word_1_155' title='bbox 349 2070 414 2130; x_wconf 69' lang='lat' dir='ltr'><em>nui</em></span> <span class='ocrx_word' id='word_1_156' title='bbox 430 2065 538 2130; x_wconf 84' lang='lat' dir='ltr'><em>debiti:</em></span> <span class='ocrx_word' id='word_1_157' title='bbox 556 2067 647 2143; x_wconf 86' lang='lat' dir='ltr'><em>nulli,</em></span> <span class='ocrx_word' id='word_1_158' title='bbox 671 2066 736 2126; x_wconf 73' lang='lat' dir='ltr'><em>nui</em></span> <span class='ocrx_word' id='word_1_159' title='bbox 750 2065 919 2126; x_wconf 67' lang='lat' dir='ltr'><em>necessasia.</em></span> <span class='ocrx_word' id='word_1_160' title='bbox 965 2064 1005 2126; x_wconf 86' lang='lat' dir='ltr'><em>Ut</em></span> <span class='ocrx_word' id='word_1_161' title='bbox 1025 2065 1108 2124; x_wconf 90' lang='lat' dir='ltr'><em>enim</em></span> <span class='ocrx_word' id='word_1_162' title='bbox 1124 2065 1266 2143; x_wconf 84' lang='lat' dir='ltr'><em>primum</em></span> <span class='ocrx_word' id='word_1_163' title='bbox 1287 2062 1456 2126; x_wconf 77' lang='lat' dir='ltr'><em>aternam</em></span> <span class='ocrx_word' id='word_1_164' title='bbox 1476 2083 1619 2126; x_wconf 87' lang='lat' dir='ltr'><em>reuocare</em></span> <span class='ocrx_word' id='word_1_165' title='bbox 1635 2065 1798 2144; x_wconf 83' lang='lat' dir='ltr'><em>coepimus,</em></span> <span class='ocrx_word' id='word_1_166' title='bbox 1827 2085 1897 2126; x_wconf 85' lang='lat' dir='ltr'><em>cum</em></span> <span class='ocrx_word' id='word_1_167' title='bbox 1922 2083 1953 2126; x_wconf 88' lang='lat' dir='ltr'><em>se</em></span> <span class='ocrx_word' id='word_1_168' title='bbox 1970 2083 2050 2126; x_wconf 89' lang='lat' dir='ltr'><em>ncn-</em></span> 
     </span>
     <span class='ocr_line' id='line_1_14' title="bbox 351 2180 2053 2263; baseline -0.003 -15"><span class='ocrx_word' id='word_1_169' title='bbox 351 2185 424 2248; x_wconf 90' lang='lat' dir='ltr'><em>dum</em></span> <span class='ocrx_word' id='word_1_170' title='bbox 447 2206 487 2246; x_wconf 91' lang='lat' dir='ltr'><em>ne</em></span> <span class='ocrx_word' id='word_1_171' title='bbox 506 2183 626 2246; x_wconf 78' lang='lat' dir='ltr'><em>Decimi</em></span> <span class='ocrx_word' id='word_1_172' title='bbox 647 2182 767 2262; x_wconf 87' lang='lat' dir='ltr'><em>quidem</em></span> <span class='ocrx_word' id='word_1_173' title='bbox 786 2182 884 2242; x_wconf 76' lang='lat' dir='ltr'><em>omn</em></span> <span class='ocrx_word' id='word_1_174' title='bbox 902 2180 1010 2242; x_wconf 77' lang='lat' dir='ltr'><em>dimna</em></span> <span class='ocrx_word' id='word_1_175' title='bbox 1030 2183 1131 2242; x_wconf 72' lang='lat' dir='ltr'><em>ouius</em></span> <span class='ocrx_word' id='word_1_176' title='bbox 1150 2183 1198 2243; x_wconf 90' lang='lat' dir='ltr'><em>ita</em></span> <span class='ocrx_word' id='word_1_177' title='bbox 1219 2183 1429 2258; x_wconf 80' lang='lat' dir='ltr'><em>commovisset,</em></span> <span class='ocrx_word' id='word_1_178' title='bbox 1457 2189 1497 2242; x_wconf 86' lang='lat' dir='ltr'><em>ut</em></span> <span class='ocrx_word' id='word_1_179' title='bbox 1512 2182 1583 2263; x_wconf 84' lang='lat' dir='ltr'><em>jam</em></span> <span class='ocrx_word' id='word_1_180' title='bbox 1609 2182 1646 2243; x_wconf 86' lang='lat' dir='ltr'><em>id</em></span> <span class='ocrx_word' id='word_1_181' title='bbox 1665 2185 1742 2244; x_wconf 76' lang='lat' dir='ltr'><em>seim</em></span> <span class='ocrx_word' id='word_1_182' title='bbox 1761 2201 1933 2262; x_wconf 84' lang='lat' dir='ltr'><em>possemus:</em></span> <span class='ocrx_word' id='word_1_183' title='bbox 1961 2189 2053 2262; x_wconf 84' lang='lat' dir='ltr'><em>atque</em></span> 
     </span>
     <span class='ocr_line' id='line_1_15' title="bbox 351 2298 2053 2394; baseline -0.002 -31"><span class='ocrx_word' id='word_1_184' title='bbox 351 2323 439 2394; x_wconf 85' lang='lat' dir='ltr'><em>omne</em></span> <span class='ocrx_word' id='word_1_185' title='bbox 451 2300 643 2382; x_wconf 83' lang='lat' dir='ltr'><em>praesidium</em></span> <span class='ocrx_word' id='word_1_186' title='bbox 664 2305 736 2360; x_wconf 91' lang='lat' dir='ltr'><em>esset</em></span> <span class='ocrx_word' id='word_1_187' title='bbox 755 2299 790 2358; x_wconf 90' lang='lat' dir='ltr'><em>in</em></span> <span class='ocrx_word' id='word_1_188' title='bbox 805 2317 913 2378; x_wconf 86' lang='lat' dir='ltr'><em>puero,</em></span> <span class='ocrx_word' id='word_1_189' title='bbox 935 2299 990 2380; x_wconf 91' lang='lat' dir='ltr'><em>qui</em></span> <span class='ocrx_word' id='word_1_190' title='bbox 1006 2319 1026 2360; x_wconf 87' lang='lat' dir='ltr'><em>a</em></span> <span class='ocrx_word' id='word_1_191' title='bbox 1044 2298 1208 2360; x_wconf 60' lang='lat' dir='ltr'><em>monebu</em></span> <span class='ocrx_word' id='word_1_192' title='bbox 1228 2301 1341 2361; x_wconf 84' lang='lat' dir='ltr'><em>nostris</em></span> <span class='ocrx_word' id='word_1_193' title='bbox 1360 2303 1516 2363; x_wconf 67' lang='lat' dir='ltr'><em>cantuset</em></span> <span class='ocrx_word' id='word_1_194' title='bbox 1533 2301 1721 2362; x_wconf 84' lang='lat' dir='ltr'><em>Antonium:</em></span> <span class='ocrx_word' id='word_1_195' title='bbox 1742 2301 1810 2378; x_wconf 82' lang='lat' dir='ltr'><em>quis</em></span> <span class='ocrx_word' id='word_1_196' title='bbox 1828 2299 1922 2362; x_wconf 81' lang='lat' dir='ltr'><em>honos</em></span> <span class='ocrx_word' id='word_1_197' title='bbox 1939 2301 1970 2361; x_wconf 91' lang='lat' dir='ltr'><em>ei</em></span> <span class='ocrx_word' id='word_1_198' title='bbox 1987 2318 2053 2360; x_wconf 86' lang='lat' dir='ltr'><em>non</em></span> 
     </span>
    </p>
   </div>
   <div class='ocr_carea' id='block_1_3' title="bbox 213 2415 2054 2506">
    <p class='ocr_par' dir='ltr' id='par_1_3' title="bbox 213 2415 2054 2506">
     <span class='ocr_line' id='line_1_16' title="bbox 213 2415 2054 2506; baseline -0.001 -24"><span class='ocrx_word' id='word_1_199' title='bbox 213 2453 216 2458; x_wconf 95' lang='lat'>·</span> <span class='ocrx_word' id='word_1_200' title='bbox 343 2421 421 2503; x_wconf 86' lang='lat' dir='ltr'><em>fuit</em></span> <span class='ocrx_word' id='word_1_201' title='bbox 443 2415 670 2506; x_wconf 67' lang='lat' dir='ltr'><em>decanendusi</em></span> <span class='ocrx_word' id='word_1_202' title='bbox 699 2415 892 2496; x_wconf 80' lang='lat' dir='ltr'><em>Quamquam</em></span> <span class='ocrx_word' id='word_1_203' title='bbox 912 2436 966 2496; x_wconf 75' lang='lat' dir='ltr'><em>ego</em></span> <span class='ocrx_word' id='word_1_204' title='bbox 984 2417 1037 2478; x_wconf 92' lang='lat' dir='ltr'><em>illi</em></span> <span class='ocrx_word' id='word_1_205' title='bbox 1057 2423 1124 2477; x_wconf 90' lang='lat' dir='ltr'><em>tum</em></span> <span class='ocrx_word' id='word_1_206' title='bbox 1142 2415 1299 2479; x_wconf 83' lang='lat' dir='ltr'><em>uerborum</em></span> <span class='ocrx_word' id='word_1_207' title='bbox 1318 2418 1442 2480; x_wconf 85' lang='lat' dir='ltr'><em>laudem</em></span> <span class='ocrx_word' id='word_1_208' title='bbox 1460 2417 1563 2494; x_wconf 85' lang='lat' dir='ltr'><em>tribui,</em></span> <span class='ocrx_word' id='word_1_209' title='bbox 1584 2437 1710 2498; x_wconf 86' lang='lat' dir='ltr'><em>eamque</em></span> <span class='ocrx_word' id='word_1_210' title='bbox 1727 2417 1886 2479; x_wconf 85' lang='lat' dir='ltr'><em>modicam.</em></span> <span class='ocrx_word' id='word_1_211' title='bbox 1925 2419 2054 2480; x_wconf 80' lang='lat' dir='ltr'><em>Decrevi</em></span> 
     </span>
    </p>
   </div>
   <div class='ocr_carea' id='block_1_4' title="bbox 348 2531 2114 4379">
    <p class='ocr_par' dir='ltr' id='par_1_4' title="bbox 348 2531 2114 4379">
     <span class='ocr_line' id='line_1_17' title="bbox 352 2531 2055 2616; baseline -0.004 -16"><span class='ocrx_word' id='word_1_212' title='bbox 352 2539 445 2600; x_wconf 77' lang='lat' dir='ltr'><em>etiarn</em></span> <span class='ocrx_word' id='word_1_213' title='bbox 461 2536 641 2615; x_wconf 72' lang='lat' dir='ltr'><em>imperinm:</em></span> <span class='ocrx_word' id='word_1_214' title='bbox 662 2533 743 2613; x_wconf 87' lang='lat' dir='ltr'><em>quod</em></span> <span class='ocrx_word' id='word_1_215' title='bbox 754 2551 940 2614; x_wconf 62' lang='lat' dir='ltr'><em>qumquam</em></span> <span class='ocrx_word' id='word_1_216' title='bbox 956 2533 1116 2596; x_wconf 81' lang='lat' dir='ltr'><em>uidebatur</em></span> <span class='ocrx_word' id='word_1_217' title='bbox 1131 2535 1183 2596; x_wconf 90' lang='lat' dir='ltr'><em>illi</em></span> <span class='ocrx_word' id='word_1_218' title='bbox 1200 2537 1299 2596; x_wconf 88' lang='lat' dir='ltr'><em>aetati</em></span> <span class='ocrx_word' id='word_1_219' title='bbox 1315 2535 1527 2616; x_wconf 76' lang='lat' dir='ltr'><em>honorificum,</em></span> <span class='ocrx_word' id='word_1_220' title='bbox 1547 2543 1650 2597; x_wconf 91' lang='lat' dir='ltr'><em>tamen</em></span> <span class='ocrx_word' id='word_1_221' title='bbox 1663 2541 1732 2596; x_wconf 87' lang='lat' dir='ltr'><em>erat</em></span> <span class='ocrx_word' id='word_1_222' title='bbox 1744 2535 1912 2595; x_wconf 71' lang='lat' dir='ltr'><em>aemam</em></span> <span class='ocrx_word' id='word_1_223' title='bbox 1928 2531 2055 2594; x_wconf 75' lang='lat' dir='ltr'><em>halmti</em></span> 
     </span>
     <span class='ocr_line' id='line_1_18' title="bbox 353 2651 2052 2734; baseline -0.002 -18"><span class='ocrx_word' id='word_1_224' title='bbox 353 2655 564 2718; x_wconf 86' lang='lat' dir='ltr'><em>necessarium.</em></span> <span class='ocrx_word' id='word_1_225' title='bbox 609 2651 692 2723; x_wconf 77' lang='lat' dir='ltr'><em>Quid</em></span> <span class='ocrx_word' id='word_1_226' title='bbox 717 2652 799 2712; x_wconf 88' lang='lat' dir='ltr'><em>enim</em></span> <span class='ocrx_word' id='word_1_227' title='bbox 824 2657 870 2712; x_wconf 87' lang='lat' dir='ltr'><em>est</em></span> <span class='ocrx_word' id='word_1_228' title='bbox 894 2653 960 2712; x_wconf 79' lang='lat' dir='ltr'><em>sene</em></span> <span class='ocrx_word' id='word_1_229' title='bbox 984 2653 1111 2730; x_wconf 87' lang='lat' dir='ltr'><em>imperio</em></span> <span class='ocrx_word' id='word_1_230' title='bbox 1135 2655 1308 2715; x_wconf 69' lang='lat' dir='ltr'><em>exaratus?</em></span> <span class='ocrx_word' id='word_1_231' title='bbox 1340 2654 1487 2716; x_wconf 79' lang='lat' dir='ltr'><em>Statuam</em></span> <span class='ocrx_word' id='word_1_232' title='bbox 1511 2653 1674 2734; x_wconf 76' lang='lat' dir='ltr'><em>Philippus</em></span> <span class='ocrx_word' id='word_1_233' title='bbox 1702 2651 1839 2728; x_wconf 65' lang='lat' dir='ltr'><em>demerit</em></span> <span class='ocrx_word' id='word_1_234' title='bbox 1866 2652 2052 2714; x_wconf 84' lang='lat' dir='ltr'><em>celeritatem</em></span> 
     </span>
     <span class='ocr_line' id='line_1_19' title="bbox 348 2769 2053 2854; baseline -0.002 -21"><span class='ocrx_word' id='word_1_235' title='bbox 348 2773 508 2854; x_wconf 76' lang='lat' dir='ltr'><em>petitionis</em></span> <span class='ocrx_word' id='word_1_236' title='bbox 521 2772 626 2850; x_wconf 83' lang='lat' dir='ltr'><em>primo</em></span> <span class='ocrx_word' id='word_1_237' title='bbox 637 2769 770 2843; x_wconf 78' lang='lat' dir='ltr'><em>Sessias,</em></span> <span class='ocrx_word' id='word_1_238' title='bbox 785 2775 859 2848; x_wconf 84' lang='lat' dir='ltr'><em>post</em></span> <span class='ocrx_word' id='word_1_239' title='bbox 874 2769 1019 2846; x_wconf 72' lang='lat' dir='ltr'><em>maiorem</em></span> <span class='ocrx_word' id='word_1_240' title='bbox 1038 2771 1131 2830; x_wconf 87' lang='lat' dir='ltr'><em>etiarn</em></span> <span class='ocrx_word' id='word_1_241' title='bbox 1150 2769 1306 2832; x_wconf 84' lang='lat' dir='ltr'><em>Seruilius.</em></span> <span class='ocrx_word' id='word_1_242' title='bbox 1336 2771 1426 2833; x_wconf 80' lang='lat' dir='ltr'><em>Nilsil</em></span> <span class='ocrx_word' id='word_1_243' title='bbox 1442 2778 1507 2832; x_wconf 90' lang='lat' dir='ltr'><em>tum</em></span> <span class='ocrx_word' id='word_1_244' title='bbox 1527 2773 1661 2832; x_wconf 88' lang='lat' dir='ltr'><em>nimium</em></span> <span class='ocrx_word' id='word_1_245' title='bbox 1679 2769 1846 2833; x_wconf 74' lang='lat' dir='ltr'><em>cedebatur.</em></span> <span class='ocrx_word' id='word_1_246' title='bbox 1878 2769 1941 2831; x_wconf 87' lang='lat' dir='ltr'><em>Sed</em></span> <span class='ocrx_word' id='word_1_247' title='bbox 1953 2770 2053 2830; x_wconf 86' lang='lat' dir='ltr'><em>nescio</em></span> 
     </span>
     <span class='ocr_line' id='line_1_20' title="bbox 353 2884 2053 2970; baseline -0.002 -18"><span class='ocrx_word' id='word_1_248' title='bbox 353 2889 500 2970; x_wconf 89' lang='lat' dir='ltr'><em>quomodo</em></span> <span class='ocrx_word' id='word_1_249' title='bbox 510 2889 650 2970; x_wconf 85' lang='lat' dir='ltr'><em>facilius</em></span> <span class='ocrx_word' id='word_1_250' title='bbox 670 2889 705 2948; x_wconf 85' lang='lat' dir='ltr'><em>in</em></span> <span class='ocrx_word' id='word_1_251' title='bbox 727 2888 835 2948; x_wconf 89' lang='lat' dir='ltr'><em>timore</em></span> <span class='ocrx_word' id='word_1_252' title='bbox 856 2884 989 2964; x_wconf 53' lang='lat' dir='ltr'><em>insequi,</em></span> <span class='ocrx_word' id='word_1_253' title='bbox 1010 2905 1103 2966; x_wconf 87' lang='lat' dir='ltr'><em>quam</em></span> <span class='ocrx_word' id='word_1_254' title='bbox 1123 2888 1158 2948; x_wconf 91' lang='lat' dir='ltr'><em>in</em></span> <span class='ocrx_word' id='word_1_255' title='bbox 1174 2890 1305 2950; x_wconf 84' lang='lat' dir='ltr'><em>uictoria</em></span> <span class='ocrx_word' id='word_1_256' title='bbox 1320 2891 1411 2970; x_wconf 80' lang='lat' dir='ltr'><em>grati</em></span> <span class='ocrx_word' id='word_1_257' title='bbox 1427 2891 1634 2968; x_wconf 69' lang='lat' dir='ltr'><em>repedantur.</em></span> <span class='ocrx_word' id='word_1_258' title='bbox 1681 2891 1748 2968; x_wconf 77' lang='lat' dir='ltr'><em>Ego</em></span> <span class='ocrx_word' id='word_1_259' title='bbox 1771 2889 1863 2961; x_wconf 61' lang='lat' dir='ltr'><em>essina</em></span> <span class='ocrx_word' id='word_1_260' title='bbox 1887 2888 1927 2948; x_wconf 91' lang='lat' dir='ltr'><em>D.</em></span> <span class='ocrx_word' id='word_1_261' title='bbox 1952 2887 2053 2948; x_wconf 85' lang='lat' dir='ltr'><em>Bruto</em></span> 
     </span>
     <span class='ocr_line' id='line_1_21' title="bbox 354 3001 2054 3086; baseline -0.004 -16"><span class='ocrx_word' id='word_1_262' title='bbox 354 3005 491 3080; x_wconf 84' lang='lat' dir='ltr'><em>liberato,</em></span> <span class='ocrx_word' id='word_1_263' title='bbox 517 3023 610 3084; x_wconf 86' lang='lat' dir='ltr'><em>quum</em></span> <span class='ocrx_word' id='word_1_264' title='bbox 631 3005 815 3066; x_wconf 85' lang='lat' dir='ltr'><em>laetissimus</em></span> <span class='ocrx_word' id='word_1_265' title='bbox 840 3003 893 3065; x_wconf 88' lang='lat' dir='ltr'><em>ille</em></span> <span class='ocrx_word' id='word_1_266' title='bbox 918 3005 1041 3066; x_wconf 71' lang='lat' dir='ltr'><em>ciuitmi</em></span> <span class='ocrx_word' id='word_1_267' title='bbox 1059 3003 1121 3066; x_wconf 73' lang='lat' dir='ltr'><em>dees</em></span> <span class='ocrx_word' id='word_1_268' title='bbox 1140 3006 1299 3083; x_wconf 76' lang='lat' dir='ltr'><em>illusisset,</em></span> <span class='ocrx_word' id='word_1_269' title='bbox 1319 3007 1455 3086; x_wconf 79' lang='lat' dir='ltr'><em>idemque</em></span> <span class='ocrx_word' id='word_1_270' title='bbox 1474 3027 1549 3067; x_wconf 89' lang='lat' dir='ltr'><em>casu</em></span> <span class='ocrx_word' id='word_1_271' title='bbox 1569 3006 1667 3066; x_wconf 79' lang='lat' dir='ltr'><em>Bmti</em></span> <span class='ocrx_word' id='word_1_272' title='bbox 1684 3003 1802 3066; x_wconf 86' lang='lat' dir='ltr'><em>natalis</em></span> <span class='ocrx_word' id='word_1_273' title='bbox 1822 3009 1905 3078; x_wconf 88' lang='lat' dir='ltr'><em>esset,</em></span> <span class='ocrx_word' id='word_1_274' title='bbox 1928 3001 2054 3078; x_wconf 69' lang='lat' dir='ltr'><em>aaut</em></span> 
     </span>
     <span class='ocr_line' id='line_1_22' title="bbox 354 3119 2114 3208; baseline -0.003 -21"><span class='ocrx_word' id='word_1_275' title='bbox 354 3133 393 3187; x_wconf 87' lang='lat' dir='ltr'><em>ut</em></span> <span class='ocrx_word' id='word_1_276' title='bbox 411 3126 446 3186; x_wconf 87' lang='lat' dir='ltr'><em>in</em></span> <span class='ocrx_word' id='word_1_277' title='bbox 484 3123 559 3184; x_wconf 91' lang='lat' dir='ltr'><em>astis</em></span> <span class='ocrx_word' id='word_1_278' title='bbox 577 3120 621 3182; x_wconf 88' lang='lat' dir='ltr'><em>ad</em></span> <span class='ocrx_word' id='word_1_279' title='bbox 637 3141 706 3182; x_wconf 86' lang='lat' dir='ltr'><em>eum</em></span> <span class='ocrx_word' id='word_1_280' title='bbox 726 3119 805 3182; x_wconf 76' lang='lat' dir='ltr'><em>dnm</em></span> <span class='ocrx_word' id='word_1_281' title='bbox 823 3122 922 3182; x_wconf 87' lang='lat' dir='ltr'><em>Bruti</em></span> <span class='ocrx_word' id='word_1_282' title='bbox 937 3141 1048 3183; x_wconf 90' lang='lat' dir='ltr'><em>nomen</em></span> <span class='ocrx_word' id='word_1_283' title='bbox 1064 3121 1282 3185; x_wconf 69' lang='lat' dir='ltr'><em>morderetur:</em></span> <span class='ocrx_word' id='word_1_284' title='bbox 1326 3125 1464 3204; x_wconf 83' lang='lat' dir='ltr'><em>incoque</em></span> <span class='ocrx_word' id='word_1_285' title='bbox 1481 3143 1550 3184; x_wconf 83' lang='lat' dir='ltr'><em>sssm</em></span> <span class='ocrx_word' id='word_1_286' title='bbox 1568 3122 1721 3204; x_wconf 74' lang='lat' dir='ltr'><em>majorum</em></span> <span class='ocrx_word' id='word_1_287' title='bbox 1736 3123 1908 3201; x_wconf 75' lang='lat' dir='ltr'><em>exemplum</em></span> <span class='ocrx_word' id='word_1_288' title='bbox 1923 3130 2054 3197; x_wconf 76' lang='lat' dir='ltr'><em>secretus,</em></span> <span class='ocrx_word' id='word_1_289' title='bbox 2112 3203 2114 3208; x_wconf 16' lang='lat' dir='ltr'>s</span> 
     </span>
     <span class='ocr_line' id='line_1_23' title="bbox 355 3227 2053 3322; baseline -0.001 -19"><span class='ocrx_word' id='word_1_290' title='bbox 355 3244 410 3322; x_wconf 87' lang='lat' dir='ltr'><em>qui</em></span> <span class='ocrx_word' id='word_1_291' title='bbox 435 3242 518 3303; x_wconf 83' lang='lat' dir='ltr'><em>lsunc</em></span> <span class='ocrx_word' id='word_1_292' title='bbox 543 3239 686 3301; x_wconf 78' lang='lat' dir='ltr'><em>lonuem</em></span> <span class='ocrx_word' id='word_1_293' title='bbox 708 3239 835 3300; x_wconf 72' lang='lat' dir='ltr'><em>mulieri</em></span> <span class='ocrx_word' id='word_1_294' title='bbox 853 3241 1023 3301; x_wconf 66' lang='lat' dir='ltr'><em>Mresnae</em></span> <span class='ocrx_word' id='word_1_295' title='bbox 1042 3239 1225 3318; x_wconf 85' lang='lat' dir='ltr'><em>tribuerunt,</em></span> <span class='ocrx_word' id='word_1_296' title='bbox 1251 3243 1305 3302; x_wconf 86' lang='lat' dir='ltr'><em>cai</em></span> <span class='ocrx_word' id='word_1_297' title='bbox 1323 3261 1374 3304; x_wconf 90' lang='lat' dir='ltr'><em>oos</em></span> <span class='ocrx_word' id='word_1_298' title='bbox 1386 3242 1548 3322; x_wconf 84' lang='lat' dir='ltr'><em>ponts&#39;fices</em></span> <span class='ocrx_word' id='word_1_299' title='bbox 1567 3239 1611 3301; x_wconf 91' lang='lat' dir='ltr'><em>ad</em></span> <span class='ocrx_word' id='word_1_300' title='bbox 1628 3259 1719 3300; x_wconf 91' lang='lat' dir='ltr'><em>aram</em></span> <span class='ocrx_word' id='word_1_301' title='bbox 1742 3240 1777 3300; x_wconf 90' lang='lat' dir='ltr'><em>in</em></span> <span class='ocrx_word' id='word_1_302' title='bbox 1805 3227 1929 3302; x_wconf 82' lang='lat' dir='ltr'><em>Velabro</em></span> <span class='ocrx_word' id='word_1_303' title='bbox 1938 3239 2053 3321; x_wconf 85' lang='lat' dir='ltr'><em>facere</em></span> 
     </span>
     <span class='ocr_line' id='line_1_24' title="bbox 354 3355 2053 3440; baseline -0.003 -17"><span class='ocrx_word' id='word_1_304' title='bbox 354 3361 461 3424; x_wconf 73' lang='lat' dir='ltr'><em>wletis.</em></span> <span class='ocrx_word' id='word_1_305' title='bbox 512 3357 601 3428; x_wconf 80' lang='lat' dir='ltr'><em>Quod</em></span> <span class='ocrx_word' id='word_1_306' title='bbox 622 3376 677 3438; x_wconf 74' lang='lat' dir='ltr'><em>ego</em></span> <span class='ocrx_word' id='word_1_307' title='bbox 698 3377 768 3418; x_wconf 86' lang='lat' dir='ltr'><em>cum</em></span> <span class='ocrx_word' id='word_1_308' title='bbox 790 3355 900 3418; x_wconf 85' lang='lat' dir='ltr'><em>dabam</em></span> <span class='ocrx_word' id='word_1_309' title='bbox 921 3358 1032 3433; x_wconf 86' lang='lat' dir='ltr'><em>Bruto,</em></span> <span class='ocrx_word' id='word_1_310' title='bbox 1064 3366 1171 3420; x_wconf 90' lang='lat' dir='ltr'><em>notam</em></span> <span class='ocrx_word' id='word_1_311' title='bbox 1195 3378 1255 3420; x_wconf 91' lang='lat' dir='ltr'><em>esse</em></span> <span class='ocrx_word' id='word_1_312' title='bbox 1284 3361 1319 3420; x_wconf 92' lang='lat' dir='ltr'><em>in</em></span> <span class='ocrx_word' id='word_1_313' title='bbox 1335 3359 1438 3440; x_wconf 86' lang='lat' dir='ltr'><em>fastis</em></span> <span class='ocrx_word' id='word_1_314' title='bbox 1455 3359 1650 3440; x_wconf 77' lang='lat' dir='ltr'><em>gratissimae</em></span> <span class='ocrx_word' id='word_1_315' title='bbox 1670 3359 1818 3420; x_wconf 72' lang='lat' dir='ltr'><em>oretanae</em></span> <span class='ocrx_word' id='word_1_316' title='bbox 1836 3359 2053 3438; x_wconf 80' lang='lat' dir='ltr'><em>sempitemam</em></span> 
     </span>
     <span class='ocr_line' id='line_1_25' title="bbox 353 3475 2053 3556; baseline -0.003 -16"><span class='ocrx_word' id='word_1_317' title='bbox 353 3477 496 3540; x_wconf 84' lang='lat' dir='ltr'><em>uolebam.</em></span> <span class='ocrx_word' id='word_1_318' title='bbox 539 3476 637 3555; x_wconf 79' lang='lat' dir='ltr'><em>Atque</em></span> <span class='ocrx_word' id='word_1_319' title='bbox 657 3475 713 3536; x_wconf 87' lang='lat' dir='ltr'><em>illo</em></span> <span class='ocrx_word' id='word_1_320' title='bbox 731 3475 780 3536; x_wconf 77' lang='lat' dir='ltr'><em>dee</em></span> <span class='ocrx_word' id='word_1_321' title='bbox 800 3477 936 3554; x_wconf 80' lang='lat' dir='ltr'><em>cognovi,</em></span> <span class='ocrx_word' id='word_1_322' title='bbox 953 3476 1052 3555; x_wconf 83' lang='lat' dir='ltr'><em>passio</em></span> <span class='ocrx_word' id='word_1_323' title='bbox 1065 3477 1173 3556; x_wconf 86' lang='lat' dir='ltr'><em>plures</em></span> <span class='ocrx_word' id='word_1_324' title='bbox 1190 3477 1226 3536; x_wconf 90' lang='lat' dir='ltr'><em>in</em></span> <span class='ocrx_word' id='word_1_325' title='bbox 1245 3485 1355 3540; x_wconf 86' lang='lat' dir='ltr'><em>senatu</em></span> <span class='ocrx_word' id='word_1_326' title='bbox 1376 3475 1537 3538; x_wconf 86' lang='lat' dir='ltr'><em>malevolos</em></span> <span class='ocrx_word' id='word_1_327' title='bbox 1564 3495 1631 3552; x_wconf 89' lang='lat' dir='ltr'><em>esse,</em></span> <span class='ocrx_word' id='word_1_328' title='bbox 1651 3495 1743 3554; x_wconf 86' lang='lat' dir='ltr'><em>quam</em></span> <span class='ocrx_word' id='word_1_329' title='bbox 1761 3483 1878 3556; x_wconf 78' lang='lat' dir='ltr'><em>gratos.</em></span> <span class='ocrx_word' id='word_1_330' title='bbox 1921 3477 1982 3536; x_wconf 85' lang='lat' dir='ltr'><em>Eos</em></span> <span class='ocrx_word' id='word_1_331' title='bbox 1993 3495 2053 3554; x_wconf 89' lang='lat' dir='ltr'><em>per</em></span> 
     </span>
     <span class='ocr_line' id='line_1_26' title="bbox 355 3591 2056 3676; baseline 0 -20"><span class='ocrx_word' id='word_1_332' title='bbox 355 3599 433 3676; x_wconf 88' lang='lat' dir='ltr'><em>ipsas</em></span> <span class='ocrx_word' id='word_1_333' title='bbox 456 3595 518 3656; x_wconf 82' lang='lat' dir='ltr'><em>dies</em></span> <span class='ocrx_word' id='word_1_334' title='bbox 544 3593 647 3674; x_wconf 60' lang='lat' dir='ltr'><em>finos</em></span> <span class='ocrx_word' id='word_1_335' title='bbox 681 3593 727 3672; x_wconf 89' lang='lat' dir='ltr'><em>(si</em></span> <span class='ocrx_word' id='word_1_336' title='bbox 746 3594 793 3654; x_wconf 88' lang='lat' dir='ltr'><em>ita</em></span> <span class='ocrx_word' id='word_1_337' title='bbox 810 3594 873 3673; x_wconf 79' lang='lat' dir='ltr'><em>aas)</em></span> <span class='ocrx_word' id='word_1_338' title='bbox 898 3591 1025 3654; x_wconf 78' lang='lat' dir='ltr'><em>honores</em></span> <span class='ocrx_word' id='word_1_339' title='bbox 1046 3595 1082 3653; x_wconf 88' lang='lat' dir='ltr'><em>in</em></span> <span class='ocrx_word' id='word_1_340' title='bbox 1102 3601 1244 3669; x_wconf 88' lang='lat' dir='ltr'><em>mortuos,</em></span> <span class='ocrx_word' id='word_1_341' title='bbox 1270 3596 1412 3656; x_wconf 90' lang='lat' dir='ltr'><em>Hirtium</em></span> <span class='ocrx_word' id='word_1_342' title='bbox 1433 3603 1464 3656; x_wconf 90' lang='lat' dir='ltr'><em>et</em></span> <span class='ocrx_word' id='word_1_343' title='bbox 1482 3595 1630 3668; x_wconf 84' lang='lat' dir='ltr'><em>Pansam,</em></span> <span class='ocrx_word' id='word_1_344' title='bbox 1652 3595 1798 3673; x_wconf 76' lang='lat' dir='ltr'><em>Aquilam</em></span> <span class='ocrx_word' id='word_1_345' title='bbox 1819 3595 1921 3655; x_wconf 85' lang='lat' dir='ltr'><em>etiam.</em></span> <span class='ocrx_word' id='word_1_346' title='bbox 1967 3594 2056 3666; x_wconf 81' lang='lat' dir='ltr'><em>Quod</em></span> 
     </span>
     <span class='ocr_line' id='line_1_27' title="bbox 356 3707 2055 3792; baseline 0.001 -22"><span class='ocrx_word' id='word_1_347' title='bbox 356 3714 423 3792; x_wconf 85' lang='lat' dir='ltr'><em>quis</em></span> <span class='ocrx_word' id='word_1_348' title='bbox 441 3711 639 3792; x_wconf 74' lang='lat' dir='ltr'><em>reprehendit,</em></span> <span class='ocrx_word' id='word_1_349' title='bbox 663 3711 728 3772; x_wconf 89' lang='lat' dir='ltr'><em>nisi</em></span> <span class='ocrx_word' id='word_1_350' title='bbox 743 3712 805 3789; x_wconf 87' lang='lat' dir='ltr'><em>qui,</em></span> <span class='ocrx_word' id='word_1_351' title='bbox 825 3709 956 3790; x_wconf 88' lang='lat' dir='ltr'><em>deposito</em></span> <span class='ocrx_word' id='word_1_352' title='bbox 973 3718 1065 3786; x_wconf 91' lang='lat' dir='ltr'><em>metu,</em></span> <span class='ocrx_word' id='word_1_353' title='bbox 1085 3713 1250 3791; x_wconf 84' lang='lat' dir='ltr'><em>praeteriti</em></span> <span class='ocrx_word' id='word_1_354' title='bbox 1265 3714 1400 3791; x_wconf 67' lang='lat' dir='ltr'><em>macuti</em></span> <span class='ocrx_word' id='word_1_355' title='bbox 1407 3710 1520 3792; x_wconf 86' lang='lat' dir='ltr'><em>fuerit</em></span> <span class='ocrx_word' id='word_1_356' title='bbox 1537 3707 1667 3774; x_wconf 84' lang='lat' dir='ltr'><em>oblitus?</em></span> <span class='ocrx_word' id='word_1_357' title='bbox 1685 3709 1852 3774; x_wconf 79' lang='lat' dir='ltr'><em>Accedebat</em></span> <span class='ocrx_word' id='word_1_358' title='bbox 1865 3709 1904 3771; x_wconf 78' lang='lat' dir='ltr'><em>ab</em></span> <span class='ocrx_word' id='word_1_359' title='bbox 1916 3709 2055 3792; x_wconf 82' lang='lat' dir='ltr'><em>beneficii</em></span> 
     </span>
     <span class='ocr_line' id='line_1_28' title="bbox 355 3799 2055 3908; baseline 0.001 -19"><span class='ocrx_word' id='word_1_360' title='bbox 355 3799 533 3889; x_wconf 79' lang='lat' dir='ltr'><em>mandriam</em></span> <span class='ocrx_word' id='word_1_361' title='bbox 550 3835 678 3908; x_wconf 78' lang='lat' dir='ltr'><em>gratam</em></span> <span class='ocrx_word' id='word_1_362' title='bbox 695 3831 778 3889; x_wconf 89' lang='lat' dir='ltr'><em>ratio</em></span> <span class='ocrx_word' id='word_1_363' title='bbox 799 3829 865 3904; x_wconf 84' lang='lat' dir='ltr'><em>s&#39;llo,</em></span> <span class='ocrx_word' id='word_1_364' title='bbox 883 3847 960 3907; x_wconf 89' lang='lat' dir='ltr'><em>quae</em></span> <span class='ocrx_word' id='word_1_365' title='bbox 976 3829 1067 3889; x_wconf 74' lang='lat' dir='ltr'><em>etiam</em></span> <span class='ocrx_word' id='word_1_366' title='bbox 1085 3831 1214 3908; x_wconf 86' lang='lat' dir='ltr'><em>posteris</em></span> <span class='ocrx_word' id='word_1_367' title='bbox 1232 3836 1307 3890; x_wconf 89' lang='lat' dir='ltr'><em>esset</em></span> <span class='ocrx_word' id='word_1_368' title='bbox 1325 3830 1482 3892; x_wconf 75' lang='lat' dir='ltr'><em>solutares.</em></span> <span class='ocrx_word' id='word_1_369' title='bbox 1534 3831 1650 3890; x_wconf 62' lang='lat' dir='ltr'><em>&amp;tare</em></span> <span class='ocrx_word' id='word_1_370' title='bbox 1669 3829 1752 3890; x_wconf 86' lang='lat' dir='ltr'><em>enim</em></span> <span class='ocrx_word' id='word_1_371' title='bbox 1772 3825 1907 3889; x_wconf 76' lang='lat' dir='ltr'><em>voutam</em></span> <span class='ocrx_word' id='word_1_372' title='bbox 1925 3832 1963 3890; x_wconf 90' lang='lat' dir='ltr'><em>in</em></span> <span class='ocrx_word' id='word_1_373' title='bbox 1981 3851 2055 3891; x_wconf 91' lang='lat' dir='ltr'><em>cru-</em></span> 
     </span>
     <span class='ocr_line' id='line_1_29' title="bbox 357 3941 2054 4028; baseline 0 -20"><span class='ocrx_word' id='word_1_374' title='bbox 357 3945 521 4008; x_wconf 88' lang='lat' dir='ltr'><em>delissimos</em></span> <span class='ocrx_word' id='word_1_375' title='bbox 536 3945 631 4006; x_wconf 84' lang='lat' dir='ltr'><em>lsostes</em></span> <span class='ocrx_word' id='word_1_376' title='bbox 648 3952 846 4008; x_wconf 75' lang='lat' dir='ltr'><em>monumenta</em></span> <span class='ocrx_word' id='word_1_377' title='bbox 865 3945 931 4006; x_wconf 88' lang='lat' dir='ltr'><em>odii</em></span> <span class='ocrx_word' id='word_1_378' title='bbox 944 3941 1064 4024; x_wconf 78' lang='lat' dir='ltr'><em>publici</em></span> <span class='ocrx_word' id='word_1_379' title='bbox 1081 3947 1274 4027; x_wconf 84' lang='lat' dir='ltr'><em>sempiterna.</em></span> <span class='ocrx_word' id='word_1_380' title='bbox 1309 3945 1455 4025; x_wconf 84' lang='lat' dir='ltr'><em>Suspicor</em></span> <span class='ocrx_word' id='word_1_381' title='bbox 1474 3945 1558 4008; x_wconf 85' lang='lat' dir='ltr'><em>illud</em></span> <span class='ocrx_word' id='word_1_382' title='bbox 1573 3947 1676 4006; x_wconf 89' lang='lat' dir='ltr'><em>minus</em></span> <span class='ocrx_word' id='word_1_383' title='bbox 1693 3941 1751 4006; x_wconf 81' lang='lat' dir='ltr'><em>tibi</em></span> <span class='ocrx_word' id='word_1_384' title='bbox 1762 3942 1900 4023; x_wconf 64' lang='lat' dir='ltr'><em>molam,</em></span> <span class='ocrx_word' id='word_1_385' title='bbox 1920 3947 2003 4028; x_wconf 90' lang='lat' dir='ltr'><em>quod</em></span> <span class='ocrx_word' id='word_1_386' title='bbox 2016 3945 2054 4010; x_wconf 78' lang='lat' dir='ltr'><em>ab</em></span> 
     </span>
     <span class='ocr_line' id='line_1_30' title="bbox 358 4044 2054 4146; baseline 0.001 -20"><span class='ocrx_word' id='word_1_387' title='bbox 358 4065 421 4126; x_wconf 83' lang='lat' dir='ltr'><em>tuis</em></span> <span class='ocrx_word' id='word_1_388' title='bbox 431 4060 659 4146; x_wconf 77' lang='lat' dir='ltr'><em>famdsaribsu,</em></span> <span class='ocrx_word' id='word_1_389' title='bbox 682 4065 803 4143; x_wconf 88' lang='lat' dir='ltr'><em>optimis</em></span> <span class='ocrx_word' id='word_1_390' title='bbox 822 4063 886 4124; x_wconf 71' lang='lat' dir='ltr'><em>etta</em></span> <span class='ocrx_word' id='word_1_391' title='bbox 906 4062 1026 4141; x_wconf 77' lang='lat' dir='ltr'><em>quedem</em></span> <span class='ocrx_word' id='word_1_392' title='bbox 1046 4065 1129 4140; x_wconf 75' lang='lat' dir='ltr'><em>ains,</em></span> <span class='ocrx_word' id='word_1_393' title='bbox 1161 4063 1216 4125; x_wconf 91' lang='lat' dir='ltr'><em>sed</em></span> <span class='ocrx_word' id='word_1_394' title='bbox 1233 4065 1268 4124; x_wconf 89' lang='lat' dir='ltr'><em>in</em></span> <span class='ocrx_word' id='word_1_395' title='bbox 1287 4063 1463 4144; x_wconf 82' lang='lat' dir='ltr'><em>republica</em></span> <span class='ocrx_word' id='word_1_396' title='bbox 1490 4061 1626 4138; x_wconf 74' lang='lat' dir='ltr'><em>meone,</em></span> <span class='ocrx_word' id='word_1_397' title='bbox 1655 4044 1720 4123; x_wconf 84' lang='lat' dir='ltr'><em>non</em></span> <span class='ocrx_word' id='word_1_398' title='bbox 1742 4059 1940 4142; x_wconf 66' lang='lat' dir='ltr'><em>punam,</em></span> <span class='ocrx_word' id='word_1_399' title='bbox 1967 4067 2054 4146; x_wconf 87' lang='lat' dir='ltr'><em>quod,</em></span> 
     </span>
     <span class='ocr_line' id='line_1_31' title="bbox 358 4179 2055 4263; baseline 0.001 -19"><span class='ocrx_word' id='word_1_400' title='bbox 358 4189 397 4244; x_wconf 89' lang='lat' dir='ltr'><em>ut</em></span> <span class='ocrx_word' id='word_1_401' title='bbox 421 4182 529 4244; x_wconf 83' lang='lat' dir='ltr'><em>ovanti</em></span> <span class='ocrx_word' id='word_1_402' title='bbox 554 4179 831 4245; x_wconf 62' lang='lat' dir='ltr'><em>maureconem</em></span> <span class='ocrx_word' id='word_1_403' title='bbox 853 4182 965 4254; x_wconf 89' lang='lat' dir='ltr'><em>liceret,</em></span> <span class='ocrx_word' id='word_1_404' title='bbox 992 4179 1181 4245; x_wconf 76' lang='lat' dir='ltr'><em>demwerim.</em></span> <span class='ocrx_word' id='word_1_405' title='bbox 1223 4185 1290 4262; x_wconf 78' lang='lat' dir='ltr'><em>Ego</em></span> <span class='ocrx_word' id='word_1_406' title='bbox 1317 4190 1421 4244; x_wconf 89' lang='lat' dir='ltr'><em>autem</em></span> <span class='ocrx_word' id='word_1_407' title='bbox 1448 4181 1516 4260; x_wconf 87' lang='lat' dir='ltr'><em>(sed</em></span> <span class='ocrx_word' id='word_1_408' title='bbox 1539 4201 1608 4243; x_wconf 90' lang='lat' dir='ltr'><em>erro</em></span> <span class='ocrx_word' id='word_1_409' title='bbox 1627 4180 1785 4263; x_wconf 86' lang='lat' dir='ltr'><em>fortasse:</em></span> <span class='ocrx_word' id='word_1_410' title='bbox 1819 4189 2002 4245; x_wconf 80' lang='lat' dir='ltr'><em>nectamus</em></span> <span class='ocrx_word' id='word_1_411' title='bbox 2028 4185 2055 4246; x_wconf 89' lang='lat' dir='ltr'><em>is</em></span> 
     </span>
     <span class='ocr_line' id='line_1_32' title="bbox 358 4295 2057 4379; baseline 0.002 -19"><span class='ocrx_word' id='word_1_412' title='bbox 358 4319 436 4374; x_wconf 89' lang='lat' dir='ltr'><em>sum,</em></span> <span class='ocrx_word' id='word_1_413' title='bbox 458 4305 496 4359; x_wconf 90' lang='lat' dir='ltr'><em>ut</em></span> <span class='ocrx_word' id='word_1_414' title='bbox 511 4318 578 4360; x_wconf 89' lang='lat' dir='ltr'><em>mea</em></span> <span class='ocrx_word' id='word_1_415' title='bbox 599 4319 648 4360; x_wconf 88' lang='lat' dir='ltr'><em>me</em></span> <span class='ocrx_word' id='word_1_416' title='bbox 665 4299 800 4359; x_wconf 77' lang='lat' dir='ltr'><em>manime</em></span> <span class='ocrx_word' id='word_1_417' title='bbox 819 4299 982 4377; x_wconf 88' lang='lat' dir='ltr'><em>delectent)</em></span> <span class='ocrx_word' id='word_1_418' title='bbox 1002 4298 1085 4360; x_wconf 79' lang='lat' dir='ltr'><em>nihil</em></span> <span class='ocrx_word' id='word_1_419' title='bbox 1102 4299 1182 4360; x_wconf 77' lang='lat' dir='ltr'><em>miii</em></span> <span class='ocrx_word' id='word_1_420' title='bbox 1199 4301 1303 4362; x_wconf 73' lang='lat' dir='ltr'><em>oedem</em></span> <span class='ocrx_word' id='word_1_421' title='bbox 1322 4300 1379 4361; x_wconf 82' lang='lat' dir='ltr'><em>lsoc</em></span> <span class='ocrx_word' id='word_1_422' title='bbox 1397 4295 1471 4360; x_wconf 83' lang='lat' dir='ltr'><em>bello</em></span> <span class='ocrx_word' id='word_1_423' title='bbox 1493 4302 1615 4360; x_wconf 84' lang='lat' dir='ltr'><em>sensisse</em></span> <span class='ocrx_word' id='word_1_424' title='bbox 1632 4297 1827 4379; x_wconf 79' lang='lat' dir='ltr'><em>prudentius.</em></span> <span class='ocrx_word' id='word_1_425' title='bbox 1870 4299 1935 4364; x_wconf 75' lang='lat' dir='ltr'><em>our</em></span> <span class='ocrx_word' id='word_1_426' title='bbox 1951 4310 2057 4363; x_wconf 85' lang='lat' dir='ltr'><em>autem</em></span> 
     </span>
    </p>
   </div>
   <div class='ocr_carea' id='block_1_5' title="bbox 359 4415 2057 4856">
    <p class='ocr_par' dir='ltr' id='par_1_5' title="bbox 359 4415 2057 4856">
     <span class='ocr_line' id='line_1_33' title="bbox 359 4415 2056 4498; baseline 0.001 -18"><span class='ocrx_word' id='word_1_427' title='bbox 359 4420 406 4480; x_wconf 85' lang='lat' dir='ltr'><em>ito</em></span> <span class='ocrx_word' id='word_1_428' title='bbox 424 4419 473 4494; x_wconf 88' lang='lat' dir='ltr'><em>sit,</em></span> <span class='ocrx_word' id='word_1_429' title='bbox 492 4416 691 4497; x_wconf 82' lang='lat' dir='ltr'><em>operiendum</em></span> <span class='ocrx_word' id='word_1_430' title='bbox 710 4423 844 4492; x_wconf 84' lang='lat' dir='ltr'><em>nonest,</em></span> <span class='ocrx_word' id='word_1_431' title='bbox 864 4437 903 4476; x_wconf 90' lang='lat' dir='ltr'><em>ne</em></span> <span class='ocrx_word' id='word_1_432' title='bbox 920 4417 1021 4496; x_wconf 78' lang='lat' dir='ltr'><em>magis</em></span> <span class='ocrx_word' id='word_1_433' title='bbox 1035 4415 1142 4478; x_wconf 86' lang='lat' dir='ltr'><em>uidear</em></span> <span class='ocrx_word' id='word_1_434' title='bbox 1153 4418 1303 4498; x_wconf 88' lang='lat' dir='ltr'><em>prouidus</em></span> <span class='ocrx_word' id='word_1_435' title='bbox 1310 4417 1536 4498; x_wconf 64' lang='lat' dir='ltr'><em>fuissequam</em></span> <span class='ocrx_word' id='word_1_436' title='bbox 1549 4423 1670 4496; x_wconf 80' lang='lat' dir='ltr'><em>gratus.</em></span> <span class='ocrx_word' id='word_1_437' title='bbox 1712 4417 1780 4476; x_wconf 88' lang='lat' dir='ltr'><em>Hoc</em></span> <span class='ocrx_word' id='word_1_438' title='bbox 1797 4418 1897 4496; x_wconf 90' lang='lat' dir='ltr'><em>ipsum</em></span> <span class='ocrx_word' id='word_1_439' title='bbox 1915 4419 2056 4483; x_wconf 84' lang='lat' dir='ltr'><em>nisnium.</em></span> 
     </span>
     <span class='ocr_line' id='line_1_34' title="bbox 364 4511 2057 4614; baseline 0.001 -17"><span class='ocrx_word' id='word_1_440' title='bbox 364 4536 466 4606; x_wconf 78' lang='lat' dir='ltr'><em>Quare</em></span> <span class='ocrx_word' id='word_1_441' title='bbox 493 4535 559 4596; x_wconf 81' lang='lat' dir='ltr'><em>alsa</em></span> <span class='ocrx_word' id='word_1_442' title='bbox 586 4533 751 4595; x_wconf 53' lang='lat' dir='ltr'><em>ubemur.</em></span> <span class='ocrx_word' id='word_1_443' title='bbox 794 4535 833 4594; x_wconf 89' lang='lat' dir='ltr'><em>D.</em></span> <span class='ocrx_word' id='word_1_444' title='bbox 852 4535 953 4596; x_wconf 87' lang='lat' dir='ltr'><em>Bruta</em></span> <span class='ocrx_word' id='word_1_445' title='bbox 980 4533 1099 4596; x_wconf 70' lang='lat' dir='ltr'><em>decren</em></span> <span class='ocrx_word' id='word_1_446' title='bbox 1123 4535 1258 4613; x_wconf 76' lang='lat' dir='ltr'><em>lusores,</em></span> <span class='ocrx_word' id='word_1_447' title='bbox 1290 4535 1410 4596; x_wconf 73' lang='lat' dir='ltr'><em>decrem</em></span> <span class='ocrx_word' id='word_1_448' title='bbox 1433 4535 1472 4597; x_wconf 86' lang='lat' dir='ltr'><em>L.</em></span> <span class='ocrx_word' id='word_1_449' title='bbox 1494 4511 1623 4597; x_wconf 79' lang='lat' dir='ltr'><em>Planco.</em></span> <span class='ocrx_word' id='word_1_450' title='bbox 1664 4533 1833 4594; x_wconf 88' lang='lat' dir='ltr'><em>Praeclara</em></span> <span class='ocrx_word' id='word_1_451' title='bbox 1857 4535 1915 4596; x_wconf 87' lang='lat' dir='ltr'><em>illa</em></span> <span class='ocrx_word' id='word_1_452' title='bbox 1937 4537 2057 4614; x_wconf 83' lang='lat' dir='ltr'><em>quidem</em></span> 
     </span>
     <span class='ocr_line' id='line_1_35' title="bbox 362 4651 2057 4734; baseline 0.002 -20"><span class='ocrx_word' id='word_1_453' title='bbox 362 4655 499 4733; x_wconf 74' lang='lat' dir='ltr'><em>ingenia,</em></span> <span class='ocrx_word' id='word_1_454' title='bbox 527 4673 604 4734; x_wconf 82' lang='lat' dir='ltr'><em>qssae</em></span> <span class='ocrx_word' id='word_1_455' title='bbox 627 4653 732 4733; x_wconf 79' lang='lat' dir='ltr'><em>gloria</em></span> <span class='ocrx_word' id='word_1_456' title='bbox 759 4651 953 4713; x_wconf 82' lang='lat' dir='ltr'><em>incitantur:</em></span> <span class='ocrx_word' id='word_1_457' title='bbox 978 4651 1032 4714; x_wconf 90' lang='lat' dir='ltr'><em>sed</em></span> <span class='ocrx_word' id='word_1_458' title='bbox 1049 4661 1173 4714; x_wconf 89' lang='lat' dir='ltr'><em>senatus</em></span> <span class='ocrx_word' id='word_1_459' title='bbox 1193 4655 1286 4716; x_wconf 87' lang='lat' dir='ltr'><em>etiarn</em></span> <span class='ocrx_word' id='word_1_460' title='bbox 1306 4653 1433 4734; x_wconf 72' lang='lat' dir='ltr'><em>raptem,</em></span> <span class='ocrx_word' id='word_1_461' title='bbox 1459 4654 1520 4733; x_wconf 88' lang='lat' dir='ltr'><em>qui,</em></span> <span class='ocrx_word' id='word_1_462' title='bbox 1549 4672 1611 4733; x_wconf 91' lang='lat' dir='ltr'><em>qua</em></span> <span class='ocrx_word' id='word_1_463' title='bbox 1628 4669 1772 4730; x_wconf 85' lang='lat' dir='ltr'><em>quemque</em></span> <span class='ocrx_word' id='word_1_464' title='bbox 1792 4659 1944 4730; x_wconf 84' lang='lat' dir='ltr'><em>reputat,</em></span> <span class='ocrx_word' id='word_1_465' title='bbox 1968 4656 2057 4718; x_wconf 87' lang='lat' dir='ltr'><em>modo</em></span> 
     </span>
     <span class='ocr_line' id='line_1_36' title="bbox 362 4768 2057 4856; baseline 0.002 -25"><span class='ocrx_word' id='word_1_466' title='bbox 362 4770 494 4856; x_wconf 74' lang='lat' dir='ltr'><em>honesta,</em></span> <span class='ocrx_word' id='word_1_467' title='bbox 519 4773 645 4834; x_wconf 86' lang='lat' dir='ltr'><em>adrem</em></span> <span class='ocrx_word' id='word_1_468' title='bbox 660 4768 818 4850; x_wconf 81' lang='lat' dir='ltr'><em>publicam</em></span> <span class='ocrx_word' id='word_1_469' title='bbox 832 4769 1008 4850; x_wconf 76' lang='lat' dir='ltr'><em>juvandam</em></span> <span class='ocrx_word' id='word_1_470' title='bbox 1027 4790 1116 4851; x_wconf 86' lang='lat' dir='ltr'><em>posse</em></span> <span class='ocrx_word' id='word_1_471' title='bbox 1137 4771 1261 4849; x_wconf 87' lang='lat' dir='ltr'><em>adduci,</em></span> <span class='ocrx_word' id='word_1_472' title='bbox 1287 4773 1347 4835; x_wconf 87' lang='lat' dir='ltr'><em>lsac</em></span> <span class='ocrx_word' id='word_1_473' title='bbox 1372 4773 1483 4835; x_wconf 87' lang='lat' dir='ltr'><em>utitur.</em></span> <span class='ocrx_word' id='word_1_474' title='bbox 1524 4771 1569 4834; x_wconf 77' lang='lat' dir='ltr'><em>As</em></span> <span class='ocrx_word' id='word_1_475' title='bbox 1593 4771 1629 4831; x_wconf 92' lang='lat' dir='ltr'><em>in</em></span> <span class='ocrx_word' id='word_1_476' title='bbox 1652 4769 1770 4851; x_wconf 83' lang='lat' dir='ltr'><em>Lepido</em></span> <span class='ocrx_word' id='word_1_477' title='bbox 1791 4768 2057 4849; x_wconf 75' lang='lat' dir='ltr'><em>reprehendemur:</em></span> 
     </span>
    </p>
   </div>
   <div class='ocr_carea' id='block_1_6' title="bbox 0 0 2348 5876">
    <p class='ocr_par' dir='ltr' id='par_1_6' title="bbox 0 0 2348 5876">
     <span class='ocr_line' id='line_1_37' title="bbox 0 0 2348 5876; baseline 0 0"><span class='ocrx_word' id='word_1_478' title='bbox 0 0 2348 5876; x_wconf 95' lang='lat' dir='ltr'><em> </em></span> 
     </span>
    </p>
   </div>
  </div>
 </body>
</html>
