4650 5882
1073 654 1125 729 23

154 887 157 892 ·
234 878 321 939 mear,
344 857 486 921 mltt'lr'ar
505 865 543 918 aet
560 857 714 937 replicem,
747 859 832 938 Quae
851 855 892 918 ite
909 853 1062 918 alalsario
1079 855 1132 918 illo
1148 856 1316 938 composita
1336 861 1412 932 aunt,
1435 861 1469 918 ut
1487 873 1548 919 non
1561 857 1624 936 jam
1642 855 1785 918 credonis
1799 853 1943 936 elegantia

236 986 296 1042 ant
318 979 497 1060 proprietas,
524 974 587 1051 sed,
611 974 643 1036 id
667 973 749 1056 quod
773 973 866 1054 longe
889 974 1008 1054 gravius
1031 979 1084 1048 est,
1115 973 1265 1054 cogitandi
1290 973 1375 1055 leges
1401 973 1557 1038 violentur.
1609 976 1709 1052 Quare
1732 974 1789 1036 nisi
1808 972 1946 1056 quisunt

237 1096 322 1160 illud
346 1104 410 1157 tam
436 1101 582 1158 accurate
605 1093 726 1171 emptis
755 1091 867 1170 ejicere
887 1099 983 1154 totum
1009 1091 1091 1153 volet
1117 1099 1168 1154 aut
1194 1111 1252 1172 pro
1279 1111 1316 1154 eo
1343 1091 1426 1174 quod
1451 1099 1497 1154 est
1519 1097 1592 1168 tom,
1621 1091 1779 1153 emendare
1798 1092 1946 1171 quomod,

240 1213 443 1297 relinquetur,
463 1219 497 1274 ut
514 1211 623 1274 Cicero
642 1209 762 1292 quidem
781 1211 857 1271 baec
878 1187 1038 1290 scripsisse
1056 1227 1117 1272 non
1135 1209 1280 1274 videatur.
1316 1210 1432 1272 Deinde
1449 1209 1536 1290 pergi
1555 1209 1607 1285 sic,
1631 1209 1748 1290 opinor,
1771 1208 1947 1289 oportebatt

239 1331 409 1396 Messalam
430 1328 640 1411 peritissimum
664 1343 732 1388 esse
755 1325 888 1388 omnium
909 1345 1026 1401 eorum,
1049 1345 1126 1408 quae
1147 1334 1289 1408 gerantrtr
1308 1327 1339 1388 in
1360 1327 1522 1408 republica,
1548 1327 1647 1410 itaque
1668 1327 1767 1389 omnia
1786 1325 1947 1392 accuratis

243 1451 324 1512 sime
345 1467 437 1530 posse
458 1466 610 1510 enarrare:
638 1445 707 1506 ideo
729 1463 763 1506 se
784 1464 852 1506 cum
871 1463 909 1506 eo
930 1443 1037 1506 litteris
1060 1450 1175 1506 certare
1193 1443 1283 1508 nolle.
1321 1444 1435 1507 Goutra
1448 1445 1524 1522 vide,
1547 1463 1608 1528 quo
1628 1443 1765 1506 deflectat
1780 1443 1830 1506 hic
1849 1443 1949 1506 decla·

245 1573 355 1631 mator.
399 1566 553 1648 Quicum
579 1563 682 1626 locum
706 1568 864 1643 quaereret
891 1561 1080 1643 eloquentiae
1104 1562 1251 1625 Messalae
1279 1562 1459 1640 laudandae,
1492 1559 1593 1624 subito
1622 1562 1726 1642 incipit
1745 1563 1784 1624 de
1801 1561 1949 1642 elegantia

248 1683 403 1760 madonis,
424 1703 483 1766 qna
503 1682 555 1744 ille
575 1686 685 1757 utatur,
703 1679 814 1741 dicere.
848 1678 943 1761 Quasi
963 1699 1037 1741 vero
1058 1678 1201 1741 illudant
1220 1662 1400 1744 Ciceronem
1421 1679 1580 1761 probabile
1598 1679 1637 1743 sit
1655 1681 1834 1761 scripturum
1856 1679 1950 1742 lause

247 1805 288 1866 ad
306 1806 441 1878 Brutum,
462 1798 515 1882 qni
533 1799 600 1879 ipse
618 1803 683 1860 erat
699 1796 832 1860 omnium
851 1795 1017 1858 litterarum
1036 1797 1243 1878 peritissimus,
1265 1804 1317 1860 aut
1339 1817 1388 1861 res
1410 1799 1494 1862 ferat.
1534 1797 1583 1860 Ad
1606 1817 1649 1874 ea,
1673 1817 1751 1880 quae
1770 1798 1949 1879 gerebantur

246 1923 371 1996 troam
393 1917 572 1998 explicanda
593 1933 672 1996 opus
693 1921 765 1992 erat,
793 1921 828 1978 ut
848 1913 977 1977 Messala
997 1922 1101 1978 nosset
1121 1916 1260 1996 primum,
1284 1935 1360 1998 quae
1381 1921 1564 1996 gererentur,
1589 1915 1696 1978 deinde
1717 1923 1752 1977 nt
1772 1915 1862 1978 vellet
1882 1933 1950 1976 nar-

246 2057 332 2102 rare:
360 2045 444 2100 certe
466 2035 586 2096 minime
608 2033 731 2096 curabat
748 2034 871 2110 Brutus,
901 2051 973 2094 num
995 2053 1031 2096 ea
1052 2034 1180 2114 eleganti
1201 2034 1337 2096 oratione
1359 2031 1416 2096 sibi
1438 2041 1629 2097 narrarentur
1647 2053 1704 2096 nec
1721 2053 1768 2096 ne.
1810 2032 1903 2095 Aliud
1924 2035 1950 2094 si

247 2157 321 2240 quid
342 2152 559 2234 requirebatur,
588 2155 652 2212 erat
670 2150 819 2228 judicium
838 2169 944 2212 sanum
965 2157 996 2213 et
1013 2152 1182 2232 prudentia,
1211 2159 1245 2213 ut
1266 2149 1396 2214 Messala
1416 2152 1606 2232 praevideret
1627 2152 1720 2234 quusi,
1747 2171 1823 2234 quae
1844 2169 1950 2212 conse·

249 2281 355 2335 oumra
379 2277 485 2345 essent,
506 2268 557 2350 qui
574 2267 743 2348 principum
764 2267 881 2330 animus
902 2274 991 2345 esset,
1017 2287 1094 2351 qnae
1113 2269 1259 2332 voluntas.
1301 2269 1376 2330 Earn
1398 2287 1465 2331 curn
1488 2277 1569 2332 recte
1592 2269 1699 2332 Cicero
1724 2269 1752 2332 b.
1772 2269 1791 2332 l.
1816 2269 1846 2330 in
1869 2270 1949 2330 Mes·

250 2391 313 2452 sala
334 2389 456 2452 laudare
482 2393 593 2467 posset,
624 2403 686 2446 tion
710 2384 849 2447 laudavit
888 2386 955 2448 Nec
976 2387 1070 2466 magis
1093 2394 1174 2448 recte
1194 2386 1357 2468 apponitur
1376 2389 1432 2467 qui
1451 2387 1572 2467 deferre
1592 2387 1637 2448 cd
1655 2395 1684 2448 te
1698 2393 1807 2467 potest.
1849 2387 1949 2463 Quam

251 2508 329 2570 enirn
356 2508 456 2586 inepta
481 2511 527 2566 est
550 2503 624 2566 baec
651 2501 813 2566 sententia:
843 2505 1072 2565 oocwotatsirrre
1097 2505 1203 2566 omnia
1229 2503 1286 2566 τῶι·
1307 2503 1450 2566 malit
1467 2505 1613 2580 Messala,
1640 2506 1696 2584 qor'
1719 2501 1763 2564 orl
1780 2511 1808 2564 tc
1828 2501 1949 2584 deferre

244 2632 352 2706 pateat.
390 2623 516 2684 Deierre
537 2619 616 2682 enim
636 2618 705 2682 dico
726 2637 804 2694 eram,
831 2637 920 2701 quern
940 2621 1007 2684 scio
1027 2620 1066 2682 ad
1086 2621 1216 2704 aliquem
1237 2627 1404 2699 venturum,
1433 2621 1495 2699 sed,
1525 2642 1613 2703 quem
1633 2622 1701 2684 dico
1722 2619 1947 2701 explicaturum,

249 2741 375 2806 eundem
404 2737 572 2800 delaturum
600 2736 671 2797 addi
692 2735 795 2796 inutile
817 2743 871 2800 est.
916 2738 984 2800 Nisi
1010 2740 1088 2801 forte
1113 2739 1263 2802 etiamad
1289 2739 1443 2802 deferendi
1466 2739 1590 2800 verbnm
1620 2739 1750 2820 pertinet
1775 2738 1949 2800 adverbium

246 2860 412 2939 eleganter,
437 2863 471 2917 nt
494 2873 601 2917 narsus
624 2854 662 2916 de
683 2853 829 2934 elegantia
851 2856 939 2918 etiam
966 2855 1119 2918 deferendi
1138 2857 1262 2933 dicatur,
1292 2856 1377 2939 quasi
1398 2875 1517 2919 morum
1538 2855 1665 2938 quadam
1686 2855 1832 2936 elegantia
1847 2861 1948 2918 ntamr

249 2973 388 3050 Messala,
410 2991 469 3055 qua
487 2971 571 3034 adire
588 2972 724 3034 homines
745 2970 849 3034 soleat
886 2974 1023 3056 Denique
1041 2974 1140 3054 ipsum
1158 2974 1339 3054 expediendi
1354 2975 1478 3036 verbum
1497 2993 1540 3051 ea,
1561 2993 1636 3055 quae
1657 2973 1705 3036 bic
1725 2979 1778 3050 est,
1797 2980 1946 3054 potestate

247 3091 442 3155 aOiceronis
466 3095 497 3150 et
523 3089 675 3152 bonorum
701 3088 854 3152 latinitatis
880 3097 1038 3152 auctorum
1065 3109 1122 3153 usu
1150 3089 1278 3153 alienum
1305 3111 1373 3154 esse
1400 3091 1536 3156 arbitror.
1586 3091 1794 3172 Expediuntur
1817 3092 1947 3171 negotia,

250 3209 359 3290 quibus
378 3207 511 3286 impediti
530 3227 642 3284 snmus,
663 3225 713 3270 res
730 3205 925 3286 explicentur.
966 3206 1088 3271 Tacitus
1111 3207 1232 3290 (Annei.
1247 3209 1298 3286 tv,
1316 3210 1349 3288 t)
1372 3207 1442 3271 dicit
1461 3210 1601 3290 expedire
1621 3212 1771 3290 anginam
1791 3215 1824 3270 et
1840 3227 1945 3284 mores,

247 3327 379 3408 itemque
400 3323 560 3388 Sallustius
582 3323 665 3404 (bell.
683 3325 820 3405 dugurtb.
842 3326 870 3402 5,
892 3325 925 3404 i)
951 3325 1078 3386 initam
1101 3327 1248 3406 camare,
1271 3331 1302 3388 et
1314 3325 1457 3407 Virgilius
1476 3329 1714 3410 vetustioresque
1735 3331 1852 3409 poetae,
1871 3343 1945 3387 raan-

248 3463 338 3526 quaar
356 3441 465 3504 Cicero
487 3447 539 3502 ant
557 3440 589 3520 ii,
613 3461 740 3523 quornm
762 3441 899 3504 oratione
919 3443 950 3505 in
971 3463 1008 3506 eo
1029 3443 1207 3524 explicando
1229 3447 1311 3505 recle
1332 3445 1376 3506 uti
1395 3443 1554 3524 possimne.
1595 3444 1676 3506 Illam
1697 3443 1944 3525 significationem

245 3567 378 3642 spretam
398 3557 436 3619 ab
454 3573 563 3620 aureae
582 3555 734 3622 latinitatis
755 3560 952 3640 scriptoribus
973 3569 1114 3642 argentee
1131 3561 1250 3624 demum
1273 3562 1403 3625 latinitas
1420 3562 1566 3644 repetivit.

374 3677 452 3738 'inm
473 3676 548 3737 baec
569 3683 653 3738 sunt:
682 3676 759 3740 cave
784 3680 867 3739 enim
893 3680 1051 3756 abbiam,
1078 3681 1177 3741 amre
1198 3717 1236 3730 -
1259 3699 1331 3742 coca
1344 3687 1442 3762 puter,
1464 3678 1623 3761 probitate,
1652 3679 1834 3756 constantia,
1857 3697 1945 3753 curo,

248 3795 349 3856 studio
371 3791 557 3874 rcr'publicac
577 3795 738 3874 quicquam
762 3796 814 3857 illi
835 3815 894 3856 esre
917 3797 1031 3872 ainaim
1060 3817 1137 3880 quae
1158 3798 1311 3880 quomodo
1332 3805 1413 3861 recte
1434 3798 1514 3860 dicta
1535 3817 1600 3861 esse
1618 3797 1714 3860 videri
1733 3795 1859 3878 possint,
1882 3815 1944 3859 non

248 3911 392 3991 intelligo.
434 3911 607 3974 &olentiae
629 3910 708 3972 enim
729 3912 912 3976 continuatio
932 3913 1006 3977 hacc
1028 3925 1089 3978 est:
1120 3899 1250 3978 Messala
1270 3916 1371 3979 omnia
1389 3915 1475 3979 novit
1497 3935 1592 3997 eaque
1612 3915 1829 3997 elegantissime
1846 3915 1943 3978 Bruto
2014 3883 2020 3901 ⁹

248 4029 400 4108 explicare
416 4037 524 4109 potest,
545 4031 632 4109 cujus
650 4029 695 4090 rei
717 4049 806 4092 causa
827 4031 902 4094 haec
922 4039 976 4109 est,
998 4032 1080 4114 quod
1099 4031 1205 4095 exirnia
1223 4040 1270 4096 est
1289 4033 1446 4115 probitate,
1468 4033 1641 4112 constantia,
1661 4053 1740 4111 cura,
1766 4033 1866 4097 studio
1885 4033 1944 4095 rei·

247 4144 395 4226 publicae.
438 4147 486 4209 'i'u
513 4148 614 4227 potius
641 4154 692 4209 aut
715 4167 750 4208 ea
770 4147 953 4212 existimares
973 4149 1131 4228 nominari,
1163 4151 1271 4234 quibus
1296 4152 1499 4214 contineretur
1518 4151 1664 4232 elegantia
1685 4151 1862 4232 explicandi,
1891 4156 1944 4214 aut

247 4262 428 4344 vigilantiam
451 4271 481 4326 et
498 4263 673 4328 industriam
694 4266 725 4328 in
746 4267 908 4346 republica,
927 4287 989 4332 uon
1008 4289 1058 4332 eas
1077 4268 1209 4347 virtutes,
1230 4270 1261 4332 in
1285 4269 1392 4353 quibus
1415 4271 1474 4333 boc
1497 4271 1580 4349 inest,
1607 4277 1642 4334 nt
1658 4269 1787 4334 Messala
1807 4270 1943 4333 videatur

246 4379 416 4444 libertatem
440 4381 622 4462 reipublicae
649 4382 741 4446 tuitus
770 4403 837 4446 csse
861 4405 918 4448 uec
944 4385 1106 4450 descivisse
1132 4387 1171 4450 ad
1192 4387 1415 4452 triumvirorum
1437 4393 1547 4468 partes.
1588 4389 1667 4452 Nam
1692 4387 1781 4452 etiam
1806 4387 1941 4450 stadium

245 4498 430 4580 retprcblicoa
458 4517 519 4561 non
543 4521 581 4564 eo
606 4499 775 4583 pertinebit,
800 4508 834 4566 ut
854 4503 980 4565 multum
1002 4509 1139 4567 versatus
1157 4505 1197 4568 stt
1216 4505 1247 4567 in
1267 4504 1429 4587 republica,
1456 4506 1511 4569 sed
1531 4513 1565 4570 nt
1585 4505 1709 4568 liberam
1728 4503 1941 4588 rempublicam

246 4636 426 4681 conservare
448 4617 604 4696 studuerit,
627 4639 704 4701 qnae
722 4619 861 4682 nimirum
881 4620 947 4685 sola
968 4621 1139 4702 respublica
1158 4623 1316 4687 videbatur
1327 4622 1473 4687 Ciceroni.
1505 4624 1656 4706 Deinceps
1672 4624 1777 4688 vitium
1797 4641 1941 4705 gramma-

247 4733 339 4796 ticum
362 4736 576 4800 animadverto.
610 4737 686 4800 Sunt
708 4738 785 4800 enim
805 4739 893 4802 haec:
919 4747 956 4802 rat
975 4740 1156 4820 eloquentia,
1176 4762 1238 4822 quo
1254 4737 1436 4804 mt'rolils'ter
1453 4743 1581 4820 excellit,
1602 4745 1656 4806 urle
1674 4745 1710 4806 r'ra
1726 4761 1759 4806 co
1779 4742 1879 4803 locum
1894 4711 1943 4804 'cd

245 4851 437 4917 laudandm
458 4853 567 4918 baim
586 4856 736 4934 mitratur,
759 4857 790 4920 in
809 4857 917 4941 quihus
938 4865 1063 4940 apparet
1082 4860 1204 4940 passiva
1220 4859 1436 4940 significatione
1453 4860 1593 4941 usurpari
1610 4860 1795 4941 gerundium,
1812 4858 1844 4920 id
1856 4859 1940 4942 quod
