4650 5882
1182 597 1226 668 tt

354 781 668 866 multitudinemque
692 789 727 849 iu
750 789 935 870 Capitolium
956 790 1101 855 deductus
1117 791 1146 874 Ι)
1168 797 1305 856 marimo
1325 795 1457 856 clamore
1484 802 1575 875 utque
1591 795 1709 876 plausu
1735 797 1770 856 iu
1795 797 1903 858 rostn's
1923 795 2050 858 colloca-

356 905 406 960 tus
423 919 498 964 sum.
540 903 585 965 lbi
612 926 648 966 eu
673 925 744 968 cum
772 909 875 970 statuit
903 929 970 972 esse
1000 929 1057 989 pro
1085 933 1154 974 cum
1177 933 1221 990 cu,
1255 911 1345 994 idque
1373 913 1569 994 anastrophes
1599 933 1693 993 genus
1716 913 1794 976 tueri
1813 913 1940 976 instituit
1962 913 2050 974 variis

356 1019 514 1099 exemplis:
535 1021 594 1084 dici
616 1023 693 1084 enim
715 1043 786 1086 cum
806 1025 914 1104 quidm
935 1046 991 1107 pro
1011 1027 1197 1107 quibuscum,
1219 1036 1281 1092 tum
1300 1029 1383 1090 tuac
1402 1039 1473 1110 post
1496 1037 1525 1090 et
1546 1029 1629 1092 duur
1649 1033 1766 1092 arcura
1786 1030 1850 1092 alia.
1891 1031 1930 1092 Ut
1949 1029 2049 1092 brevis

354 1135 418 1212 sim,
438 1139 570 1200 conferri
585 1141 679 1218 jubeo
698 1140 732 1204 G.
755 1143 792 1206 G.
814 1144 946 1224 Zumptii
966 1146 1185 1224 grammaticam
1207 1143 1225 1230 ᾖ
1248 1149 1317 1211 324.
1358 1148 1420 1210 Sed
1440 1147 1547 1210 veliem
1575 1169 1665 1212 unum
1693 1149 1763 1210 mihi
1784 1148 1932 1229 geminum
1952 1167 2049 1210 exem-

355 1253 438 1335 plum
454 1275 491 1317 ex
511 1256 611 1339 aliquo
633 1259 715 1322 bono
736 1266 766 1322 et
786 1261 915 1342 probato
945 1263 1093 1344 scriptore
1112 1265 1266 1328 attulisset.

481 1373 591 1436 Nona
611 1377 723 1456 prioris
741 1377 811 1440 libri
830 1377 958 1460 epistola
980 1400 1048 1443 cum
1070 1381 1150 1443 inani
1173 1390 1203 1445 et
1232 1383 1335 1463 inepto
1355 1381 1516 1444 verborum
1536 1383 1663 1463 strepitu
1683 1383 1795 1444 referta
1812 1381 2050 1444 manifestissime

355 1491 426 1552 milri
447 1492 656 1556 declamatoris
676 1495 834 1558 artificium
857 1497 987 1578 prodere
1005 1497 1156 1577 videatur,
1185 1519 1278 1562 unum
1303 1508 1402 1562 tamen
1433 1507 1545 1562 tantum
1566 1500 1668 1562 locum
1689 1499 1842 1562 latinitatis
1865 1499 2051 1562 accusandae

355 1609 509 1673 Tuastallo
531 1611 676 1692 praebuit,
698 1619 787 1695 atque
809 1634 878 1676 eum
898 1617 997 1696 ipsum
1020 1621 1123 1678 tuetur
1142 1619 1328 1680 Hermannus
1349 1639 1377 1698 p.
1404 1613 1466 1681 39(
1493 1619 1646 1698 Leguntur
1665 1625 1764 1680 antem
1786 1617 1872 1678 haec:
1891 1617 1947 1678 Est
1967 1619 2052 1678 ιιιὶιιι

353 1729 490 1790 uluuum
512 1735 599 1790 tauto
619 1732 694 1807 uiro,
716 1739 754 1792 ut
774 1739 810 1793 tu
831 1753 871 1807 es,
898 1733 979 1814 quod
1006 1734 1100 1795 alteri
1112 1736 1353 1816 praesumpserit,
1381 1737 1417 1796 sil
1432 1736 1531 1814 ipsum
1551 1735 1666 1816 fucere
1692 1754 1756 1796 unu
1771 1753 1868 1815 posse,
1889 1734 1920 1794 in
1944 1732 2052 1815 quibus

354 1865 458 1909 omnes
480 1847 587 1910 merito
613 1848 736 1910 offendit
757 1851 901 1930 particula
919 1857 964 1928 ut,
986 1871 1073 1934 quam
1096 1853 1167 1916 terri
1187 1873 1277 1934 posse
1301 1853 1457 1932 negabant.
1508 1853 1580 1914 Fert
1599 1872 1664 1914 eam
1685 1853 1873 1914 Hermannus
1895 1851 1939 1914 sic
1956 1850 2053 1932 expli·-

355 1983 441 2026 cans:
463 1972 509 2026 cst
526 1965 663 2026 mutuum
685 1973 773 2028 tauto
794 1969 868 2044 uuo,
888 1975 926 2029 ut
945 1975 981 2029 tu
998 1989 1028 2030 es
1047 1977 1153 2032 tuntas
1172 1973 1229 2047 uir,
1249 1979 1401 2052 quonium
1421 1969 1617 2031 uidemusm
1633 1971 1774 2031 acuimus
1787 1978 1842 2032 etc.
1859 1970 1959 2051 itaque
1981 1987 2054 2030 con-

354 2091 469 2146 suetam
491 2083 654 2163 particulae
681 2083 927 2162 significationem
955 2084 1012 2148 sibi
1036 2085 1155 2149 videtur
1184 2107 1328 2151 servasse.
1373 2087 1441 2149 Nec
1472 2087 1590 2167 negabo
1617 2105 1830 2170 nonnunquam
1852 2087 1965 2170 aliquid
1986 2105 2053 2150 esse

355 2202 564 2282 supplendum,
587 2219 625 2262 ne
645 2200 791 2280 particula
811 2210 847 2263 ut
868 2202 945 2265 male
966 2203 1066 2284 posita
1086 2224 1153 2267 esse
1173 2205 1324 2278 videatur;
1347 2205 1400 2266 sed
1421 2205 1448 2266 h.
1469 2205 1497 2280 l.,
1524 2225 1591 2266 curn
1613 2205 1759 2266 sententia
1783 2204 1925 2286 postulet,
1946 2210 1980 2266 ut
2002 2204 2053 2266 de·

354 2319 480 2394 finiatur,
513 2325 655 2400 quantum
680 2319 778 2381 virum
800 2340 866 2383 esse
886 2327 1034 2400 oporteat,
1065 2329 1098 2384 ut
1121 2323 1186 2402 ipse
1218 2343 1272 2384 sua
1295 2323 1480 2402 praescripta
1511 2322 1636 2384 maxime
1668 2322 1752 2403 sequi
1781 2322 1895 2400 debeat,
1928 2341 2052 2384 necesse

357 2443 401 2497 est
424 2445 464 2496 ut
485 2438 632 2499 reseratur
652 2436 689 2498 ad
714 2437 943 2518 explicationem
964 2441 1049 2500 tanti
1067 2442 1136 2517 uiri,
1166 2439 1196 2502 id
1226 2439 1307 2520 quod
1333 2440 1398 2500 tieri
1425 2441 1534 2521 nequit.
1587 2442 1695 2502 Cetera
1716 2447 1815 2501 auteur
1838 2439 1946 2514 omnia,
1977 2459 2053 2522 qnae

355 2554 611 2616 sententiaesnae
633 2556 793 2618 firmandae
812 2575 903 2619 cansa
923 2556 1084 2618 afferuntur
1104 2557 1141 2618 ab
1168 2559 1347 2633 ilernranno,
1379 2557 1477 2618 minus
1502 2567 1641 2620 accurate
1673 2557 1823 2638 disputata
1841 2563 1912 2618 sunt
1929 2555 1968 2636 2).
2018 2559 2052 2618 ln

355 2673 528 2734 secunda
550 2673 677 2754 epistola
698 2672 764 2737 libr.
783 2676 804 2736 1.
833 2675 907 2737 haec
932 2685 1080 2756 tamquam
1105 2674 1290 2736 acicerone
1319 2677 1454 2754 proiecta
1479 2676 1567 2738 nobis
1594 2680 1822 2757 proponuntur:
1849 2675 1950 2754 magu
1975 2673 2054 2734 ma'lu'

348 2789 502 2872 probatur
520 2793 654 2854 militum
676 2795 818 2854 americus
839 2811 932 2874 quum
954 2799 1018 2854 tuu.
1060 2791 1178 2853 Dicitur
1196 2793 1233 2854 de
1252 2794 1286 2854 C.
1308 2791 1440 2855 Antonin
1461 2794 1492 2854 in
1512 2795 1690 2856 Macedonia
1709 2795 1832 2856 aBruto
1851 2797 1949 2872 cepto,
1963 2811 2051 2874 quem

356 2931 424 2973 cum
446 2908 552 2970 milites
573 2909 671 2970 occidi
688 2909 857 2988 jussissent,
876 2911 988 2971 Brutus
1006 2916 1204 2972 conservarat.
1240 2909 1313 2971 Non
1342 2911 1432 2989 igitur
1458 2913 1557 2973 iuerat
1582 2931 1715 2986 severus,
1742 2911 1796 2972 sed
1816 2908 1901 2970 lenis.
1949 2913 2051 2991 Quare

354 3026 548 3090 Marklandus
569 3047 596 3106 p.
620 3029 677 3089 187
698 3026 790 3087 latins
811 3047 877 3088 csse
895 3026 1022 3106 negavit,
1044 3047 1119 3108 quae
1141 3027 1253 3107 scripta
1276 3035 1384 3104 essent,
1403 3039 1491 3111 atque
1513 3037 1566 3089 aut
1580 3027 1772 3090 inserendum
1789 3027 1961 3089 lusitusaut
1980 3046 2052 3090 con·

356 3147 507 3220 fitcndum,
526 3144 600 3205 haec
621 3165 638 3205 a
658 3143 805 3206 Cicerone
825 3145 915 3206 scribi
936 3163 997 3206 non
1019 3146 1162 3224 potuisse.
1213 3145 1254 3206 At
1275 3153 1376 3207 tuetur
1398 3145 1448 3207 illa
1475 3148 1663 3208 Hermannua
1687 3166 1715 3224 p.
1739 3144 1789 3221 to,
1820 3144 1969 3225 docetque
1999 3145 2052 3206 irn-

358 3263 461 3346 primis
484 3263 513 3323 in
535 3263 738 3342 comparativo
759 3263 817 3324 hoc
838 3282 904 3324 esse
922 3262 1067 3343 positum,
1089 3273 1122 3324 nt
1151 3283 1168 3324 a
1190 3263 1331 3324 contrarii
1360 3263 1540 3342 cogitatione
1566 3269 1690 3324 revocet
1716 3263 1745 3326 h.
1767 3281 1792 3324 e.
1820 3281 1882 3324 non
1908 3263 2051 3341 majorem

357 3383 489 3462 ejusdem
509 3381 551 3443 rei
574 3381 695 3461 gradum
713 3401 781 3443 cunr
803 3379 918 3440 minore
939 3388 1103 3460 comparet,
1123 3380 1177 3441 sed
1196 3379 1234 3440 de
1248 3379 1364 3442 duabus
1385 3381 1474 3443 rebus
1497 3379 1653 3442 contrariis
1672 3379 1797 3442 alterum
1822 3381 1924 3460 potius
1944 3379 2051 3442 adesse

357 3499 495 3562 declaret.
537 3501 622 3576 Quae
644 3518 749 3579 parum
769 3518 787 3559 a
805 3518 853 3559 me
873 3497 997 3578 intelligi
1019 3499 1116 3560 lateor
1130 3497 1175 3577 ³):
1203 3498 1257 3560 sed
1287 3499 1345 3560 hoc
1375 3479 1494 3574 videoJ
1507 3498 1532 3560 si
1551 3503 1634 3558 recta
1653 3507 1741 3562 erunt
1762 3498 1812 3560 illa
1834 3496 2051 3573 declamatoris,

358 3661 556 3673 -ae———

505 3747 530 3810 1)
548 3751 633 3812 Atque
652 3749 731 3798 etiam
749 3748 772 3798 si
793 3761 823 3795 eu
842 3761 898 3795 cum
917 3746 981 3815 dicit
1001 3748 1093 3809 posset
1114 3760 1162 3809 pro
1180 3761 1235 3795 αιιιι
1257 3761 1296 3806 co,
1318 3749 1377 3812 quis
1394 3745 1483 3808 terret,
1501 3745 1655 3796 Ciceronem
1669 3746 1815 3797 deductum
1831 3759 1890 3796 asse
1908 3757 1969 3796 cum
1979 3747 2051 3795 mni-

358 3841 470 3894 tiiudine
487 3843 514 3890 in
533 3840 711 3902 Capitolium?
749 3841 832 3888 immo
853 3840 911 3902 ipsa
932 3837 1073 3888 multitudo
1093 3837 1211 3888 deduxit

504 3955 533 4022 2)
555 3957 671 4007 Primum
690 3957 759 4006 enirn
778 3955 937 4021 particulam
958 3961 987 4002 ut
1009 3956 1165 4018 quantitatis
1190 3955 1409 4020 significationem
1437 3953 1535 4006 habere
1561 3957 1625 4006 dicit
1642 3955 1714 4018 apud
1733 3955 1795 4004 Piin.
1816 3958 1870 4004 nat.
1888 3952 1946 4004 hist.
1968 3951 2050 4002 Praei.

358 4057 374 4119 g
391 4049 408 4102 3
423 4066 469 4100 uec
487 4049 621 4115 quicquum
637 4047 665 4096 ιἰι
683 4049 824 4100 temutuoit
842 4050 963 4112 [ortunae
980 4044 1128 4114 amplitudo,
1148 4047 1198 4098 nisi
1215 4055 1243 4098 ut
1261 4047 1379 4114 prodesse
1399 4044 1551 4096 tantumdem
1568 4063 1654 4115 posses
1672 4053 1701 4096 ut
1719 4043 1813 4106 uelles,·
1833 4047 1882 4097 scd
1901 4044 1936 4096 ibi
1953 4051 1981 4094 ut
2002 4058 2051 4096 se-

358 4145 456 4210 quitur,
476 4143 538 4206 quie
556 4141 695 4204 praecedit
710 4140 864 4190 tuutuuadem
884 4153 971 4205 neque
989 4138 1054 4188 idem
1073 4147 1103 4190 ut
1122 4143 1268 4207 similiaque
1290 4145 1315 4192 in
1332 4141 1414 4190 Pinnio
1433 4139 1512 4190 modo
1534 4140 1642 4190 serenda
1662 4153 1755 4190 verram
1779 4140 1857 4190 eiiam
1875 4138 1903 4188 in
1916 4138 2051 4198 Cicerone,

359 4241 389 4286 ut
405 4234 508 4286 Tuscul.
528 4230 551 4293 2,
570 4230 586 4282 3
607 4231 697 4282 eisdem
715 4232 770 4295 scra
790 4231 873 4282 uatis
890 4232 1048 4300 exponimus,
1068 4240 1098 4282 ut
1117 4239 1203 4282 uotum
1223 4231 1427 4300 disputatumque
1446 4237 1489 4281 est.
1529 4232 1602 4283 Nulla
1625 4233 1703 4295 igitur
1723 4232 1876 4296 quantitatis
1893 4229 2051 4295 significatio

359 4341 409 4380 nec
430 4327 473 4378 iiio
490 4327 549 4376 ioco
571 4339 620 4376 nec
641 4325 692 4375 ulio
713 4326 770 4376 aiio.
811 4327 878 4376 Tum
898 4327 951 4376 Cic.
970 4325 1033 4389 Epp.
1054 4323 1094 4388 ti,
1113 4321 1147 4375 to
1166 4323 1233 4390 quod
1248 4325 1277 4388 si.
1298 4331 1327 4373 ut
1344 4339 1378 4384 ss,
1402 4321 1519 4383 cessatis,
1542 4322 1675 4382 hcessom,
1701 4324 1814 4388 expicat
1837 4336 1932 4374 rursus
1954 4322 2052 4372 inteili-

358 4421 445 4487 gendo
463 4425 492 4468 ut
512 4433 537 4468 es
558 4423 681 4478 cessator,
700 4431 794 4482 parum
815 4417 877 4468 iliud
899 4417 1007 4482 quidem
1031 4419 1112 4467 recte.
1154 4417 1210 4468 Dici
1239 4421 1345 4468 constat
1367 4416 1447 4466 iatine
1470 4416 1509 4466 itn
1528 4432 1589 4476 susa,
1613 4423 1699 4465 utres
1721 4421 1773 4486 cst‚·
1798 4430 1881 4480 quare
1903 4421 1933 4464 ut
1948 4429 1983 4474 es,
2004 4415 2053 4464 erit

359 4527 411 4578 qua
429 4518 532 4572 suturu,
555 4525 603 4576 quo
621 4509 720 4576 inquito
739 4525 775 4570 cs,
794 4510 871 4561 solito
893 4523 1004 4575 prorsus
1022 4521 1097 4559 more
1116 4523 1148 4560 ax
1163 4515 1227 4561 noto
1243 4511 1284 4560 iiio
1307 4515 1333 4560 et
1353 4510 1464 4574 eleganti
1482 4509 1647 4573 pronominis
1666 4507 1769 4558 relativi
1794 4523 1852 4560 usn.
1903 4506 2052 4571 Similisqne

359 4609 401 4658 est
417 4606 484 4656 ratio
504 4605 577 4654 tertii
594 4603 645 4654 ioci
664 4603 737 4666 apud
761 4603 813 4652 Cic.
833 4602 898 4666 Epp.
917 4599 940 4664 7,
958 4597 999 4664 32,
1017 4597 1040 4650 3.

506 4719 535 4786 3)
553 4721 678 4784 Exempla
698 4719 816 4784 quidem,
840 4731 908 4782 qnae
929 4719 1087 4779 afferuntur,
1113 4731 1208 4782 parum
1237 4721 1299 4780 apta
1324 4729 1383 4768 esse
1409 4718 1537 4782 intelligo:
1562 4729 1624 4767 nam
1650 4717 1722 4780 apud
1745 4719 1799 4770 Cic.
1824 4731 1849 4780 p.
1871 4715 1951 4766 domo
1978 4727 1999 4766 c.
2019 4712 2053 4766 tt

362 4812 430 4881 quod
447 4820 510 4864 esset
529 4813 626 4880 ripum
643 4811 723 4878 mapis
737 4809 843 4860 istorum
864 4825 938 4876 quom
957 4808 1075 4878 publicae
1098 4808 1230 4870 libertatis,
1257 4809 1404 4860 rectissima
1429 4811 1524 4860 omnia.
1564 4809 1672 4872 Signum
1698 4808 1828 4861 libertatis
1853 4807 1945 4860 Clodio
1960 4808 2051 4860 datum
