<?xml version="1.0" encoding="UTF-8"?>
<!DOCTYPE html PUBLIC "-//W3C//DTD XHTML 1.0 Transitional//EN"
    "http://www.w3.org/TR/xhtml1/DTD/xhtml1-transitional.dtd">
<html xmlns="http://www.w3.org/1999/xhtml" xml:lang="en" lang="en">
 <head>
  <title>
</title>
<meta http-equiv="Content-Type" content="text/html;charset=utf-8" />
  <meta name='ocr-system' content='tesseract 3.04.00' />
  <meta name='ocr-capabilities' content='ocr_page ocr_carea ocr_par ocr_line ocrx_word'/>
</head>
<body>
  <div class='ocr_page' id='page_1' title='image "./demtulliicicero00zumpgoog_0025.png"; bbox 0 0 4650 5882; ppageno 0'>
   <div class='ocr_carea' id='block_1_1' title="bbox 1184 581 1229 656">
    <p class='ocr_par' dir='ltr' id='par_1_1' title="bbox 1184 581 1229 656">
     <span class='ocr_line' id='line_1_1' title="bbox 1184 581 1229 656; baseline 0 0"><span class='ocrx_word' id='word_1_1' title='bbox 1184 581 1229 656; x_wconf 82' lang='lat'><strong>16</strong></span> 
     </span>
    </p>
   </div>
   <div class='ocr_carea' id='block_1_2' title="bbox 359 779 2063 3335">
    <p class='ocr_par' dir='ltr' id='par_1_2' title="bbox 359 779 2062 3100">
     <span class='ocr_line' id='line_1_2' title="bbox 454 779 2054 874; baseline -0.005 -24"><span class='ocrx_word' id='word_1_2' title='bbox 454 869 456 874; x_wconf 69' lang='lat'><strong>,</strong></span> <span class='ocrx_word' id='word_1_3' title='bbox 486 791 571 870; x_wconf 84' lang='lat' dir='ltr'><strong>Quae</strong></span> <span class='ocrx_word' id='word_1_4' title='bbox 590 807 657 849; x_wconf 81' lang='lat' dir='ltr'><strong>erim</strong></span> <span class='ocrx_word' id='word_1_5' title='bbox 679 787 719 848; x_wconf 89' lang='lat' dir='ltr'><strong>ita</strong></span> <span class='ocrx_word' id='word_1_6' title='bbox 739 785 808 862; x_wconf 91' lang='lat' dir='ltr'><strong>sint,</strong></span> <span class='ocrx_word' id='word_1_7' title='bbox 828 783 859 845; x_wconf 90' lang='lat' dir='ltr'><strong>in</strong></span> <span class='ocrx_word' id='word_1_8' title='bbox 877 784 957 846; x_wconf 89' lang='lat' dir='ltr'><strong>idem</strong></span> <span class='ocrx_word' id='word_1_9' title='bbox 981 789 1105 865; x_wconf 85' lang='lat' dir='ltr'><strong>apparet</strong></span> <span class='ocrx_word' id='word_1_10' title='bbox 1125 799 1337 863; x_wconf 86' lang='lat' dir='ltr'><strong>nonnunquam</strong></span> <span class='ocrx_word' id='word_1_11' title='bbox 1357 779 1497 844; x_wconf 83' lang='lat' dir='ltr'><strong>incidisse</strong></span> <span class='ocrx_word' id='word_1_12' title='bbox 1520 781 1729 860; x_wconf 87' lang='lat' dir='ltr'><strong>llermnnnum,</strong></span> <span class='ocrx_word' id='word_1_13' title='bbox 1752 783 1834 866; x_wconf 92' lang='lat' dir='ltr'><strong>quad</strong></span> <span class='ocrx_word' id='word_1_14' title='bbox 1851 783 2004 862; x_wconf 71' lang='lat' dir='ltr'><strong>,vituperat</strong></span> <span class='ocrx_word' id='word_1_15' title='bbox 2023 782 2054 843; x_wconf 91' lang='lat' dir='ltr'><strong>in</strong></span> 
     </span>
     <span class='ocr_line' id='line_1_3' title="bbox 362 897 2055 982; baseline -0.004 -14"><span class='ocrx_word' id='word_1_16' title='bbox 362 904 538 968; x_wconf 85' lang='lat' dir='ltr'><strong>Marklando</strong></span> <span class='ocrx_word' id='word_1_17' title='bbox 560 912 589 968; x_wconf 91' lang='lat' dir='ltr'><strong>et</strong></span> <span class='ocrx_word' id='word_1_18' title='bbox 610 903 777 982; x_wconf 77' lang='lat' dir='ltr'><strong>Tunstallo,</strong></span> <span class='ocrx_word' id='word_1_19' title='bbox 807 911 840 966; x_wconf 96' lang='lat' dir='ltr'><strong>ut</strong></span> <span class='ocrx_word' id='word_1_20' title='bbox 870 902 936 982; x_wconf 88' lang='lat' dir='ltr'><strong>ipsa</strong></span> <span class='ocrx_word' id='word_1_21' title='bbox 967 901 1130 982; x_wconf 83' lang='lat' dir='ltr'><strong>cupiditate</strong></span> <span class='ocrx_word' id='word_1_22' title='bbox 1152 897 1330 960; x_wconf 87' lang='lat' dir='ltr'><strong>defendendi</strong></span> <span class='ocrx_word' id='word_1_23' title='bbox 1351 899 1492 980; x_wconf 87' lang='lat' dir='ltr'><strong>abreptus</strong></span> <span class='ocrx_word' id='word_1_24' title='bbox 1519 917 1555 960; x_wconf 88' lang='lat' dir='ltr'><strong>ee</strong></span> <span class='ocrx_word' id='word_1_25' title='bbox 1585 905 1736 980; x_wconf 81' lang='lat' dir='ltr'><strong>statueret,</strong></span> <span class='ocrx_word' id='word_1_26' title='bbox 1767 903 1853 980; x_wconf 90' lang='lat' dir='ltr'><strong>cujus</strong></span> <span class='ocrx_word' id='word_1_27' title='bbox 1884 899 2055 980; x_wconf 86' lang='lat' dir='ltr'><strong>probabiles</strong></span> 
     </span>
     <span class='ocr_line' id='line_1_4' title="bbox 364 1013 2054 1102; baseline -0.004 -18"><span class='ocrx_word' id='word_1_28' title='bbox 364 1023 494 1086; x_wconf 90' lang='lat' dir='ltr'><strong>rationes</strong></span> <span class='ocrx_word' id='word_1_29' title='bbox 510 1042 566 1085; x_wconf 91' lang='lat' dir='ltr'><strong>nec</strong></span> <span class='ocrx_word' id='word_1_30' title='bbox 589 1023 706 1084; x_wconf 84' lang='lat' dir='ltr'><strong>afferret</strong></span> <span class='ocrx_word' id='word_1_31' title='bbox 723 1041 780 1083; x_wconf 90' lang='lat' dir='ltr'><strong>nec</strong></span> <span class='ocrx_word' id='word_1_32' title='bbox 801 1019 907 1082; x_wconf 85' lang='lat' dir='ltr'><strong>afferre</strong></span> <span class='ocrx_word' id='word_1_33' title='bbox 929 1025 1033 1100; x_wconf 89' lang='lat' dir='ltr'><strong>posset</strong></span> <span class='ocrx_word' id='word_1_34' title='bbox 1049 1020 1087 1098; x_wconf 86' lang='lat'><strong>¹).</strong></span> <span class='ocrx_word' id='word_1_35' title='bbox 1127 1013 1235 1098; x_wconf 79' lang='lat' dir='ltr'><strong>Neque</strong></span> <span class='ocrx_word' id='word_1_36' title='bbox 1255 1017 1377 1098; x_wconf 85' lang='lat' dir='ltr'><strong>probari</strong></span> <span class='ocrx_word' id='word_1_37' title='bbox 1397 1035 1489 1096; x_wconf 87' lang='lat' dir='ltr'><strong>posse</strong></span> <span class='ocrx_word' id='word_1_38' title='bbox 1507 1016 1643 1080; x_wconf 85' lang='lat' dir='ltr'><strong>existimo</strong></span> <span class='ocrx_word' id='word_1_39' title='bbox 1662 1037 1705 1094; x_wconf 85' lang='lat' dir='ltr'><strong>en,</strong></span> <span class='ocrx_word' id='word_1_40' title='bbox 1725 1037 1801 1100; x_wconf 88' lang='lat' dir='ltr'><strong>quae</strong></span> <span class='ocrx_word' id='word_1_41' title='bbox 1820 1039 1851 1099; x_wconf 91' lang='lat' dir='ltr'><strong>p.</strong></span> <span class='ocrx_word' id='word_1_42' title='bbox 1865 1020 1907 1080; x_wconf 83' lang='lat' dir='ltr'><strong>ts</strong></span> <span class='ocrx_word' id='word_1_43' title='bbox 1926 1017 2054 1102; x_wconf 84' lang='lat' dir='ltr'><strong>deloco</strong></span> 
     </span>
     <span class='ocr_line' id='line_1_5' title="bbox 363 1133 2056 1222; baseline -0.004 -20"><span class='ocrx_word' id='word_1_44' title='bbox 363 1141 496 1220; x_wconf 88' lang='lat' dir='ltr'><strong>ejusdem</strong></span> <span class='ocrx_word' id='word_1_45' title='bbox 518 1139 663 1221; x_wconf 88' lang='lat' dir='ltr'><strong>epistolae</strong></span> <span class='ocrx_word' id='word_1_46' title='bbox 686 1141 842 1222; x_wconf 79' lang='lat' dir='ltr'><strong>quintae</strong></span> <span class='ocrx_word' id='word_1_47' title='bbox 864 1136 1004 1218; x_wconf 89' lang='lat' dir='ltr'><strong>disputat,</strong></span> <span class='ocrx_word' id='word_1_48' title='bbox 1026 1136 1064 1197; x_wconf 93' lang='lat' dir='ltr'><strong>de</strong></span> <span class='ocrx_word' id='word_1_49' title='bbox 1086 1155 1146 1217; x_wconf 89' lang='lat' dir='ltr'><strong>quo</strong></span> <span class='ocrx_word' id='word_1_50' title='bbox 1164 1137 1227 1214; x_wconf 86' lang='lat' dir='ltr'><strong>jam</strong></span> <span class='ocrx_word' id='word_1_51' title='bbox 1246 1154 1338 1216; x_wconf 88' lang='lat' dir='ltr'><strong>supra</strong></span> <span class='ocrx_word' id='word_1_52' title='bbox 1360 1133 1472 1196; x_wconf 89' lang='lat' dir='ltr'><strong>dictum</strong></span> <span class='ocrx_word' id='word_1_53' title='bbox 1493 1143 1546 1197; x_wconf 90' lang='lat' dir='ltr'><strong>est.</strong></span> <span class='ocrx_word' id='word_1_54' title='bbox 1589 1135 1667 1198; x_wconf 85' lang='lat' dir='ltr'>Sunt</span> <span class='ocrx_word' id='word_1_55' title='bbox 1686 1143 1787 1198; x_wconf 86' lang='lat' dir='ltr'><strong>eutem</strong></span> <span class='ocrx_word' id='word_1_56' title='bbox 1807 1135 1848 1197; x_wconf 94' lang='lat' dir='ltr'><strong>ibi</strong></span> <span class='ocrx_word' id='word_1_57' title='bbox 1869 1139 1960 1198; x_wconf 87' lang='lat' dir='ltr'><strong>haec:</strong></span> <span class='ocrx_word' id='word_1_58' title='bbox 1984 1135 2056 1196; x_wconf 88' lang='lat' dir='ltr'><strong>Per-</strong></span> 
     </span>
     <span class='ocr_line' id='line_1_6' title="bbox 362 1251 2057 1336; baseline -0.001 -18"><span class='ocrx_word' id='word_1_59' title='bbox 362 1260 432 1320; x_wconf 80' lang='lat' dir='ltr'><strong>reei</strong></span> <span class='ocrx_word' id='word_1_60' title='bbox 454 1265 557 1319; x_wconf 84' lang='lat' dir='ltr'><strong>tamea</strong></span> <span class='ocrx_word' id='word_1_61' title='bbox 575 1258 764 1336; x_wconf 72' lang='lat' dir='ltr'><em>Romamque</em></span> <span class='ocrx_word' id='word_1_62' title='bbox 777 1257 915 1336; x_wconf 74' lang='lat' dir='ltr'><strong>paueat,</strong></span> <span class='ocrx_word' id='word_1_63' title='bbox 934 1255 1080 1333; x_wconf 76' lang='lat' dir='ltr'><strong>ualloque</strong></span> <span class='ocrx_word' id='word_1_64' title='bbox 1093 1253 1248 1334; x_wconf 80' lang='lat' dir='ltr'><strong>praesideo</strong></span> <span class='ocrx_word' id='word_1_65' title='bbox 1269 1251 1425 1332; x_wconf 76' lang='lat' dir='ltr'><em>quatefeci</em></span> <span class='ocrx_word' id='word_1_66' title='bbox 1432 1253 1611 1316; x_wconf 82' lang='lat' dir='ltr'><strong>Antoniam.</strong></span> <span class='ocrx_word' id='word_1_67' title='bbox 1642 1254 1765 1316; x_wconf 88' lang='lat' dir='ltr'><strong>Novum</strong></span> <span class='ocrx_word' id='word_1_68' title='bbox 1785 1253 1825 1315; x_wconf 91' lang='lat' dir='ltr'><strong>ibi</strong></span> <span class='ocrx_word' id='word_1_69' title='bbox 1844 1263 1875 1316; x_wconf 88' lang='lat' dir='ltr'><strong>et</strong></span> <span class='ocrx_word' id='word_1_70' title='bbox 1893 1255 2057 1318; x_wconf 89' lang='lat' dir='ltr'><strong>inauditum</strong></span> 
     </span>
     <span class='ocr_line' id='line_1_7' title="bbox 363 1369 2056 1457; baseline -0.002 -21"><span class='ocrx_word' id='word_1_71' title='bbox 363 1375 487 1436; x_wconf 91' lang='lat' dir='ltr'><strong>verbum</strong></span> <span class='ocrx_word' id='word_1_72' title='bbox 517 1375 681 1456; x_wconf 76' lang='lat' dir='ltr'><strong>quatefeci,</strong></span> <span class='ocrx_word' id='word_1_73' title='bbox 711 1375 741 1436; x_wconf 92' lang='lat' dir='ltr'><strong>in</strong></span> <span class='ocrx_word' id='word_1_74' title='bbox 772 1395 832 1457; x_wconf 91' lang='lat' dir='ltr'><strong>quc</strong></span> <span class='ocrx_word' id='word_1_75' title='bbox 864 1371 1072 1436; x_wconf 86' lang='lat' dir='ltr'><strong>necessitatem</strong></span> <span class='ocrx_word' id='word_1_76' title='bbox 1101 1369 1276 1432; x_wconf 87' lang='lat' dir='ltr'><strong>emendandi</strong></span> <span class='ocrx_word' id='word_1_77' title='bbox 1311 1389 1378 1432; x_wconf 89' lang='lat' dir='ltr'><strong>esse</strong></span> <span class='ocrx_word' id='word_1_78' title='bbox 1409 1376 1499 1450; x_wconf 90' lang='lat' dir='ltr'><strong>negat</strong></span> <span class='ocrx_word' id='word_1_79' title='bbox 1526 1371 1720 1434; x_wconf 84' lang='lat' dir='ltr'><strong>Hermennus.</strong></span> <span class='ocrx_word' id='word_1_80' title='bbox 1764 1371 1806 1434; x_wconf 85' lang='lat' dir='ltr'><strong>At</strong></span> <span class='ocrx_word' id='word_1_81' title='bbox 1836 1373 1924 1436; x_wconf 93' lang='lat' dir='ltr'><strong>velim</strong></span> <span class='ocrx_word' id='word_1_82' title='bbox 1955 1373 2056 1434; x_wconf 82' lang='lat' dir='ltr'><strong>aflerat</strong></span> 
     </span>
     <span class='ocr_line' id='line_1_8' title="bbox 362 1487 2057 1573; baseline -0.001 -19"><span class='ocrx_word' id='word_1_83' title='bbox 362 1493 434 1554; x_wconf 89' lang='lat' dir='ltr'><strong>mihi</strong></span> <span class='ocrx_word' id='word_1_84' title='bbox 455 1492 580 1554; x_wconf 89' lang='lat' dir='ltr'><strong>verbum</strong></span> <span class='ocrx_word' id='word_1_85' title='bbox 599 1493 702 1554; x_wconf 77' lang='lat' dir='ltr'><strong>tertiae</strong></span> <span class='ocrx_word' id='word_1_86' title='bbox 724 1489 942 1573; x_wconf 76' lang='lat' dir='ltr'><strong>conjugationis</strong></span> <span class='ocrx_word' id='word_1_87' title='bbox 963 1489 1164 1570; x_wconf 90' lang='lat' dir='ltr'><strong>compositum</strong></span> <span class='ocrx_word' id='word_1_88' title='bbox 1185 1507 1254 1549; x_wconf 88' lang='lat' dir='ltr'><strong>enm</strong></span> <span class='ocrx_word' id='word_1_89' title='bbox 1276 1487 1370 1548; x_wconf 90' lang='lat' dir='ltr'><strong>verbo</strong></span> <span class='ocrx_word' id='word_1_90' title='bbox 1391 1487 1533 1562; x_wconf 85' lang='lat' dir='ltr'><strong>faciendi;</strong></span> <span class='ocrx_word' id='word_1_91' title='bbox 1563 1489 1663 1550; x_wconf 86' lang='lat' dir='ltr'><strong>omnia</strong></span> <span class='ocrx_word' id='word_1_92' title='bbox 1691 1491 1769 1552; x_wconf 88' lang='lat' dir='ltr'><strong>enirn</strong></span> <span class='ocrx_word' id='word_1_93' title='bbox 1792 1509 1869 1572; x_wconf 85' lang='lat' dir='ltr'><strong>quae</strong></span> <span class='ocrx_word' id='word_1_94' title='bbox 1888 1499 1960 1552; x_wconf 86' lang='lat' dir='ltr'><strong>uota</strong></span> <span class='ocrx_word' id='word_1_95' title='bbox 1981 1496 2057 1565; x_wconf 84' lang='lat' dir='ltr'><strong>sunt,</strong></span> 
     </span>
     <span class='ocr_line' id='line_1_9' title="bbox 363 1605 2057 1691; baseline -0.001 -19"><span class='ocrx_word' id='word_1_96' title='bbox 363 1610 512 1674; x_wconf 81' lang='lat' dir='ltr'><strong>secundae</strong></span> <span class='ocrx_word' id='word_1_97' title='bbox 535 1611 755 1691; x_wconf 81' lang='lat' dir='ltr'><strong>conjugationis</strong></span> <span class='ocrx_word' id='word_1_98' title='bbox 776 1617 852 1686; x_wconf 71' lang='lat' dir='ltr'><strong>sunt</strong></span> <span class='ocrx_word' id='word_1_99' title='bbox 872 1615 906 1670; x_wconf 92' lang='lat' dir='ltr'><strong>ut</strong></span> <span class='ocrx_word' id='word_1_100' title='bbox 922 1607 1107 1688; x_wconf 84' lang='lat' dir='ltr'><strong>madefacto,</strong></span> <span class='ocrx_word' id='word_1_101' title='bbox 1130 1605 1291 1686; x_wconf 76' lang='lat' dir='ltr'><strong>calefacto,</strong></span> <span class='ocrx_word' id='word_1_102' title='bbox 1313 1605 1463 1686; x_wconf 74' lang='lat' dir='ltr'><strong>orersacro,</strong></span> <span class='ocrx_word' id='word_1_103' title='bbox 1478 1606 1645 1687; x_wconf 81' lang='lat' dir='ltr'><strong>patefacio,</strong></span> <span class='ocrx_word' id='word_1_104' title='bbox 1657 1605 1722 1670; x_wconf 83' lang='lat' dir='ltr'><strong>alia</strong></span> <span class='ocrx_word' id='word_1_105' title='bbox 1755 1609 1801 1670; x_wconf 83' lang='lat' dir='ltr'><strong>Ac</strong></span> <span class='ocrx_word' id='word_1_106' title='bbox 1822 1609 1849 1670; x_wconf 86' lang='lat' dir='ltr'><strong>si</strong></span> <span class='ocrx_word' id='word_1_107' title='bbox 1869 1610 2057 1672; x_wconf 86' lang='lat' dir='ltr'><strong>Hermannus</strong></span> 
     </span>
     <span class='ocr_line' id='line_1_10' title="bbox 362 1717 2058 1809; baseline 0.001 -21"><span class='ocrx_word' id='word_1_108' title='bbox 362 1727 522 1809; x_wconf 81' lang='lat' dir='ltr'><strong>negaverit,</strong></span> <span class='ocrx_word' id='word_1_109' title='bbox 545 1729 571 1790; x_wconf 91' lang='lat' dir='ltr'><strong>si</strong></span> <span class='ocrx_word' id='word_1_110' title='bbox 592 1728 707 1791; x_wconf 78' lang='lat' dir='ltr'><strong>utillum</strong></span> <span class='ocrx_word' id='word_1_111' title='bbox 727 1727 929 1809; x_wconf 89' lang='lat' dir='ltr'><strong>compositum</strong></span> <span class='ocrx_word' id='word_1_112' title='bbox 947 1725 1052 1786; x_wconf 83' lang='lat' dir='ltr'><strong>tertiae</strong></span> <span class='ocrx_word' id='word_1_113' title='bbox 1075 1721 1292 1805; x_wconf 83' lang='lat' dir='ltr'><strong>conjugationis</strong></span> <span class='ocrx_word' id='word_1_114' title='bbox 1313 1717 1418 1784; x_wconf 89' lang='lat' dir='ltr'><strong>notum</strong></span> <span class='ocrx_word' id='word_1_115' title='bbox 1438 1723 1484 1798; x_wconf 92' lang='lat' dir='ltr'><strong>sit,</strong></span> <span class='ocrx_word' id='word_1_116' title='bbox 1514 1724 1586 1786; x_wconf 88' lang='lat' dir='ltr'><strong>setis</strong></span> <span class='ocrx_word' id='word_1_117' title='bbox 1608 1723 1639 1786; x_wconf 91' lang='lat' dir='ltr'><strong>id</strong></span> <span class='ocrx_word' id='word_1_118' title='bbox 1659 1743 1726 1788; x_wconf 92' lang='lat' dir='ltr'><strong>esse</strong></span> <span class='ocrx_word' id='word_1_119' title='bbox 1745 1747 1861 1802; x_wconf 87' lang='lat' dir='ltr'><strong>causae,</strong></span> <span class='ocrx_word' id='word_1_120' title='bbox 1886 1731 1919 1788; x_wconf 92' lang='lat' dir='ltr'><strong>ut</strong></span> <span class='ocrx_word' id='word_1_121' title='bbox 1942 1725 2058 1789; x_wconf 89' lang='lat' dir='ltr'><strong>nullam</strong></span> 
     </span>
     <span class='ocr_line' id='line_1_11' title="bbox 364 1840 2059 1926; baseline 0.001 -20"><span class='ocrx_word' id='word_1_122' title='bbox 364 1865 430 1908; x_wconf 89' lang='lat' dir='ltr'><strong>esse</strong></span> <span class='ocrx_word' id='word_1_123' title='bbox 447 1845 582 1926; x_wconf 88' lang='lat' dir='ltr'><strong>potuisse</strong></span> <span class='ocrx_word' id='word_1_124' title='bbox 604 1847 815 1924; x_wconf 88' lang='lat' dir='ltr'><strong>existimemus,</strong></span> <span class='ocrx_word' id='word_1_125' title='bbox 834 1844 962 1924; x_wconf 90' lang='lat' dir='ltr'><strong>primum</strong></span> <span class='ocrx_word' id='word_1_126' title='bbox 984 1847 1050 1904; x_wconf 88' lang='lat' dir='ltr'><strong>tuta</strong></span> <span class='ocrx_word' id='word_1_127' title='bbox 1075 1847 1183 1924; x_wconf 90' lang='lat' dir='ltr'><strong>potero</strong></span> <span class='ocrx_word' id='word_1_128' title='bbox 1205 1840 1351 1914; x_wconf 78' lang='lat' dir='ltr'><strong>confiteri,</strong></span> <span class='ocrx_word' id='word_1_129' title='bbox 1371 1859 1492 1902; x_wconf 84' lang='lat' dir='ltr'><strong>cansam</strong></span> <span class='ocrx_word' id='word_1_130' title='bbox 1511 1842 1578 1920; x_wconf 77' lang='lat' dir='ltr'><strong>eJus</strong></span> <span class='ocrx_word' id='word_1_131' title='bbox 1600 1843 1645 1904; x_wconf 90' lang='lat' dir='ltr'><strong>rei</strong></span> <span class='ocrx_word' id='word_1_132' title='bbox 1665 1844 1734 1906; x_wconf 83' lang='lat' dir='ltr'><strong>inibi</strong></span> <span class='ocrx_word' id='word_1_133' title='bbox 1755 1847 1887 1924; x_wconf 86' lang='lat' dir='ltr'><strong>ignotam</strong></span> <span class='ocrx_word' id='word_1_134' title='bbox 1905 1863 1989 1906; x_wconf 88' lang='lat' dir='ltr'><strong>esse:</strong></span> <span class='ocrx_word' id='word_1_135' title='bbox 2008 1863 2059 1907; x_wconf 90' lang='lat' dir='ltr'><strong>ne-</strong></span> 
     </span>
     <span class='ocr_line' id='line_1_12' title="bbox 363 1933 2061 2044; baseline 0 -20"><span class='ocrx_word' id='word_1_136' title='bbox 363 1983 422 2044; x_wconf 92' lang='lat' dir='ltr'><strong>que</strong></span> <span class='ocrx_word' id='word_1_137' title='bbox 444 1964 523 2025; x_wconf 89' lang='lat' dir='ltr'><strong>enim</strong></span> <span class='ocrx_word' id='word_1_138' title='bbox 542 1965 629 2028; x_wconf 91' lang='lat' dir='ltr'><strong>decet</strong></span> <span class='ocrx_word' id='word_1_139' title='bbox 647 1966 678 2027; x_wconf 92' lang='lat' dir='ltr'><strong>in</strong></span> <span class='ocrx_word' id='word_1_140' title='bbox 696 1965 804 2027; x_wconf 86' lang='lat' dir='ltr'><strong>talibus</strong></span> <span class='ocrx_word' id='word_1_141' title='bbox 829 1961 920 2024; x_wconf 90' lang='lat' dir='ltr'><strong>rebus</strong></span> <span class='ocrx_word' id='word_1_142' title='bbox 949 1965 1187 2022; x_wconf 84' lang='lat' dir='ltr'><strong>antecurrentem</strong></span> <span class='ocrx_word' id='word_1_143' title='bbox 1215 1963 1360 2034; x_wconf 74' lang='lat' dir='ltr'><strong>statuere,</strong></span> <span class='ocrx_word' id='word_1_144' title='bbox 1384 1933 1543 2040; x_wconf 83' lang='lat' dir='ltr'><strong>quidesse</strong></span> <span class='ocrx_word' id='word_1_145' title='bbox 1567 1961 1671 2041; x_wconf 79' lang='lat' dir='ltr'><strong>possit,</strong></span> <span class='ocrx_word' id='word_1_146' title='bbox 1701 1961 1754 2022; x_wconf 90' lang='lat' dir='ltr'><strong>sed</strong></span> <span class='ocrx_word' id='word_1_147' title='bbox 1775 1962 2007 2043; x_wconf 86' lang='lat' dir='ltr'><strong>subsequentem</strong></span> <span class='ocrx_word' id='word_1_148' title='bbox 2025 1981 2061 2024; x_wconf 84' lang='lat' dir='ltr'><strong>ea</strong></span> 
     </span>
     <span class='ocr_line' id='line_1_13' title="bbox 364 2076 2060 2164; baseline -0.001 -20"><span class='ocrx_word' id='word_1_149' title='bbox 364 2089 536 2164; x_wconf 87' lang='lat' dir='ltr'><strong>quaesunt,</strong></span> <span class='ocrx_word' id='word_1_150' title='bbox 559 2084 585 2146; x_wconf 89' lang='lat' dir='ltr'><strong>si</strong></span> <span class='ocrx_word' id='word_1_151' title='bbox 608 2087 649 2145; x_wconf 87' lang='lat' dir='ltr'><strong>ita</strong></span> <span class='ocrx_word' id='word_1_152' title='bbox 667 2083 732 2144; x_wconf 87' lang='lat' dir='ltr'><strong>fieri</strong></span> <span class='ocrx_word' id='word_1_153' title='bbox 754 2080 859 2162; x_wconf 87' lang='lat' dir='ltr'><strong>possit,</strong></span> <span class='ocrx_word' id='word_1_154' title='bbox 880 2079 1094 2154; x_wconf 86' lang='lat' dir='ltr'><strong>demonstrare,</strong></span> <span class='ocrx_word' id='word_1_155' title='bbox 1124 2095 1180 2138; x_wconf 90' lang='lat' dir='ltr'><strong>cur</strong></span> <span class='ocrx_word' id='word_1_156' title='bbox 1201 2076 1268 2138; x_wconf 90' lang='lat' dir='ltr'><strong>sint.</strong></span> <span class='ocrx_word' id='word_1_157' title='bbox 1307 2079 1494 2159; x_wconf 84' lang='lat' dir='ltr'><strong>Quamquam</strong></span> <span class='ocrx_word' id='word_1_158' title='bbox 1515 2078 1613 2155; x_wconf 86' lang='lat' dir='ltr'><strong>etiam,</strong></span> <span class='ocrx_word' id='word_1_159' title='bbox 1633 2097 1687 2142; x_wconf 92' lang='lat' dir='ltr'><strong>cur</strong></span> <span class='ocrx_word' id='word_1_160' title='bbox 1708 2082 1858 2144; x_wconf 88' lang='lat' dir='ltr'><strong>secundae</strong></span> <span class='ocrx_word' id='word_1_161' title='bbox 1879 2083 1969 2144; x_wconf 92' lang='lat' dir='ltr'><strong>modo</strong></span> <span class='ocrx_word' id='word_1_162' title='bbox 1988 2100 2060 2144; x_wconf 86' lang='lat' dir='ltr'><strong>aon-</strong></span> 
     </span>
     <span class='ocr_line' id='line_1_14' title="bbox 359 2193 2060 2280; baseline 0.001 -18"><span class='ocrx_word' id='word_1_163' title='bbox 359 2199 524 2280; x_wconf 87' lang='lat' dir='ltr'><strong>jugetianis</strong></span> <span class='ocrx_word' id='word_1_164' title='bbox 546 2200 639 2263; x_wconf 90' lang='lat' dir='ltr'><strong>verba</strong></span> <span class='ocrx_word' id='word_1_165' title='bbox 657 2221 726 2262; x_wconf 89' lang='lat' dir='ltr'><strong>cum</strong></span> <span class='ocrx_word' id='word_1_166' title='bbox 745 2198 840 2261; x_wconf 91' lang='lat' dir='ltr'><strong>verba</strong></span> <span class='ocrx_word' id='word_1_167' title='bbox 852 2198 968 2279; x_wconf 88' lang='lat' dir='ltr'><strong>facere</strong></span> <span class='ocrx_word' id='word_1_168' title='bbox 985 2195 1153 2275; x_wconf 89' lang='lat' dir='ltr'><strong>composita</strong></span> <span class='ocrx_word' id='word_1_169' title='bbox 1180 2193 1247 2270; x_wconf 83' lang='lat' dir='ltr'><strong>sint,</strong></span> <span class='ocrx_word' id='word_1_170' title='bbox 1271 2200 1372 2272; x_wconf 90' lang='lat' dir='ltr'><strong>potest</strong></span> <span class='ocrx_word' id='word_1_171' title='bbox 1393 2195 1493 2277; x_wconf 87' lang='lat' dir='ltr'><strong>aliqua</strong></span> <span class='ocrx_word' id='word_1_172' title='bbox 1514 2197 1591 2258; x_wconf 88' lang='lat' dir='ltr'><strong>ratio</strong></span> <span class='ocrx_word' id='word_1_173' title='bbox 1612 2197 1777 2277; x_wconf 85' lang='lat' dir='ltr'><strong>probabilis</strong></span> <span class='ocrx_word' id='word_1_174' title='bbox 1806 2200 1940 2262; x_wconf 91' lang='lat' dir='ltr'><strong>inveniri.</strong></span> <span class='ocrx_word' id='word_1_175' title='bbox 1982 2200 2060 2264; x_wconf 88' lang='lat' dir='ltr'><strong>Cum</strong></span> 
     </span>
     <span class='ocr_line' id='line_1_15' title="bbox 364 2311 2060 2399; baseline 0.002 -21"><span class='ocrx_word' id='word_1_176' title='bbox 364 2319 442 2379; x_wconf 91' lang='lat' dir='ltr'><strong>enim</strong></span> <span class='ocrx_word' id='word_1_177' title='bbox 465 2319 494 2380; x_wconf 92' lang='lat' dir='ltr'><strong>iu</strong></span> <span class='ocrx_word' id='word_1_178' title='bbox 516 2317 552 2380; x_wconf 91' lang='lat' dir='ltr'><strong>iis</strong></span> <span class='ocrx_word' id='word_1_179' title='bbox 574 2317 699 2399; x_wconf 87' lang='lat' dir='ltr'><strong>proprie</strong></span> <span class='ocrx_word' id='word_1_180' title='bbox 721 2315 905 2378; x_wconf 81' lang='lat' dir='ltr'><strong>intransitiva</strong></span> <span class='ocrx_word' id='word_1_181' title='bbox 927 2311 1103 2395; x_wconf 85' lang='lat' dir='ltr'><strong>significatio</strong></span> <span class='ocrx_word' id='word_1_182' title='bbox 1124 2316 1212 2388; x_wconf 85' lang='lat' dir='ltr'><strong>esset,</strong></span> <span class='ocrx_word' id='word_1_183' title='bbox 1234 2317 1266 2372; x_wconf 94' lang='lat' dir='ltr'><strong>ut</strong></span> <span class='ocrx_word' id='word_1_184' title='bbox 1288 2311 1418 2388; x_wconf 81' lang='lat' dir='ltr'><strong>madere,</strong></span> <span class='ocrx_word' id='word_1_185' title='bbox 1450 2315 1557 2390; x_wconf 84' lang='lat' dir='ltr'><strong>calere,</strong></span> <span class='ocrx_word' id='word_1_186' title='bbox 1574 2323 1691 2395; x_wconf 88' lang='lat' dir='ltr'><strong>patere,</strong></span> <span class='ocrx_word' id='word_1_187' title='bbox 1719 2335 1776 2378; x_wconf 91' lang='lat' dir='ltr'><strong>nec</strong></span> <span class='ocrx_word' id='word_1_188' title='bbox 1803 2319 1956 2380; x_wconf 87' lang='lat' dir='ltr'><strong>transitiva</strong></span> <span class='ocrx_word' id='word_1_189' title='bbox 1982 2321 2060 2382; x_wconf 90' lang='lat' dir='ltr'><strong>effici</strong></span> 
     </span>
     <span class='ocr_line' id='line_1_16' title="bbox 364 2428 2060 2518; baseline 0.004 -24"><span class='ocrx_word' id='word_1_190' title='bbox 364 2435 517 2497; x_wconf 91' lang='lat' dir='ltr'><strong>videratur</strong></span> <span class='ocrx_word' id='word_1_191' title='bbox 535 2455 627 2515; x_wconf 89' lang='lat' dir='ltr'><strong>posse</strong></span> <span class='ocrx_word' id='word_1_192' title='bbox 648 2435 772 2497; x_wconf 91' lang='lat' dir='ltr'><strong>verbum</strong></span> <span class='ocrx_word' id='word_1_193' title='bbox 792 2435 823 2496; x_wconf 91' lang='lat' dir='ltr'><strong>in</strong></span> <span class='ocrx_word' id='word_1_194' title='bbox 849 2433 975 2514; x_wconf 89' lang='lat' dir='ltr'><strong>primam</strong></span> <span class='ocrx_word' id='word_1_195' title='bbox 1001 2428 1240 2510; x_wconf 76' lang='lat' dir='ltr'><strong>conjugationem</strong></span> <span class='ocrx_word' id='word_1_196' title='bbox 1261 2429 1418 2507; x_wconf 89' lang='lat' dir='ltr'><strong>flectendo,</strong></span> <span class='ocrx_word' id='word_1_197' title='bbox 1445 2432 1526 2511; x_wconf 93' lang='lat' dir='ltr'><strong>quod</strong></span> <span class='ocrx_word' id='word_1_198' title='bbox 1552 2431 1585 2492; x_wconf 86' lang='lat' dir='ltr'><strong>fit</strong></span> <span class='ocrx_word' id='word_1_199' title='bbox 1610 2431 1640 2494; x_wconf 91' lang='lat' dir='ltr'><strong>iu</strong></span> <span class='ocrx_word' id='word_1_200' title='bbox 1667 2432 1703 2495; x_wconf 86' lang='lat' dir='ltr'><strong>iis</strong></span> <span class='ocrx_word' id='word_1_201' title='bbox 1725 2435 1832 2511; x_wconf 90' lang='lat' dir='ltr'><strong>verbis,</strong></span> <span class='ocrx_word' id='word_1_202' title='bbox 1854 2456 1930 2518; x_wconf 91' lang='lat' dir='ltr'><strong>quae</strong></span> <span class='ocrx_word' id='word_1_203' title='bbox 1951 2437 1988 2498; x_wconf 92' lang='lat' dir='ltr'><strong>ab</strong></span> <span class='ocrx_word' id='word_1_204' title='bbox 2010 2438 2060 2501; x_wconf 84' lang='lat' dir='ltr'><strong>ad-</strong></span> 
     </span>
     <span class='ocr_line' id='line_1_17' title="bbox 360 2545 2060 2631; baseline 0.002 -17"><span class='ocrx_word' id='word_1_205' title='bbox 360 2552 481 2630; x_wconf 86' lang='lat' dir='ltr'><strong>jectivis</strong></span> <span class='ocrx_word' id='word_1_206' title='bbox 499 2553 695 2631; x_wconf 90' lang='lat' dir='ltr'><strong>deducuntur,</strong></span> <span class='ocrx_word' id='word_1_207' title='bbox 719 2559 752 2616; x_wconf 94' lang='lat' dir='ltr'><strong>ut</strong></span> <span class='ocrx_word' id='word_1_208' title='bbox 770 2551 883 2629; x_wconf 86' lang='lat' dir='ltr'><strong>albore,</strong></span> <span class='ocrx_word' id='word_1_209' title='bbox 903 2558 1020 2631; x_wconf 88' lang='lat' dir='ltr'><strong>aptare,</strong></span> <span class='ocrx_word' id='word_1_210' title='bbox 1042 2545 1179 2623; x_wconf 73' lang='lat' dir='ltr'><strong>liberare,</strong></span> <span class='ocrx_word' id='word_1_211' title='bbox 1202 2545 1339 2608; x_wconf 86' lang='lat' dir='ltr'><strong>addendo</strong></span> <span class='ocrx_word' id='word_1_212' title='bbox 1360 2546 1455 2608; x_wconf 87' lang='lat' dir='ltr'><strong>verbo</strong></span> <span class='ocrx_word' id='word_1_213' title='bbox 1477 2549 1606 2611; x_wconf 86' lang='lat' dir='ltr'><strong>faciendi</strong></span> <span class='ocrx_word' id='word_1_214' title='bbox 1636 2552 1820 2614; x_wconf 87' lang='lat' dir='ltr'><strong>transitivum</strong></span> <span class='ocrx_word' id='word_1_215' title='bbox 1840 2551 2010 2616; x_wconf 77' lang='lat' dir='ltr'><strong>efficiebant</strong></span> <span class='ocrx_word' id='word_1_216' title='bbox 2024 2553 2060 2631; x_wconf 79' lang='lat'><strong>⁹).</strong></span> 
     </span>
     <span class='ocr_line' id='line_1_18' title="bbox 364 2663 2062 2752; baseline 0.003 -22"><span class='ocrx_word' id='word_1_217' title='bbox 364 2669 431 2731; x_wconf 88' lang='lat' dir='ltr'><strong>Nec</strong></span> <span class='ocrx_word' id='word_1_218' title='bbox 447 2689 520 2733; x_wconf 90' lang='lat' dir='ltr'><strong>varo</strong></span> <span class='ocrx_word' id='word_1_219' title='bbox 540 2671 736 2751; x_wconf 88' lang='lat' dir='ltr'><strong>probandum,</strong></span> <span class='ocrx_word' id='word_1_220' title='bbox 759 2670 840 2752; x_wconf 90' lang='lat' dir='ltr'><strong>quad</strong></span> <span class='ocrx_word' id='word_1_221' title='bbox 861 2671 1047 2731; x_wconf 88' lang='lat' dir='ltr'><strong>Hermannus</strong></span> <span class='ocrx_word' id='word_1_222' title='bbox 1070 2664 1179 2742; x_wconf 89' lang='lat' dir='ltr'><strong>conjici</strong></span> <span class='ocrx_word' id='word_1_223' title='bbox 1198 2683 1290 2744; x_wconf 89' lang='lat' dir='ltr'><strong>posse</strong></span> <span class='ocrx_word' id='word_1_224' title='bbox 1309 2664 1358 2741; x_wconf 86' lang='lat' dir='ltr'><strong>ait,</strong></span> <span class='ocrx_word' id='word_1_225' title='bbox 1376 2663 1513 2745; x_wconf 82' lang='lat' dir='ltr'><strong>calefeci,</strong></span> <span class='ocrx_word' id='word_1_226' title='bbox 1534 2669 1617 2749; x_wconf 92' lang='lat' dir='ltr'><strong>quod</strong></span> <span class='ocrx_word' id='word_1_227' title='bbox 1636 2675 1665 2730; x_wconf 89' lang='lat' dir='ltr'><strong>et</strong></span> <span class='ocrx_word' id='word_1_228' title='bbox 1684 2670 1713 2731; x_wconf 93' lang='lat' dir='ltr'><strong>in</strong></span> <span class='ocrx_word' id='word_1_229' title='bbox 1735 2671 1888 2734; x_wconf 87' lang='lat' dir='ltr'><strong>irridendo</strong></span> <span class='ocrx_word' id='word_1_230' title='bbox 1906 2673 1996 2735; x_wconf 86' lang='lat' dir='ltr'><strong>ruodo</strong></span> <span class='ocrx_word' id='word_1_231' title='bbox 2010 2674 2062 2736; x_wconf 91' lang='lat' dir='ltr'><strong>ad-</strong></span> 
     </span>
     <span class='ocr_line' id='line_1_19' title="bbox 363 2780 2061 2870; baseline 0.004 -22"><span class='ocrx_word' id='word_1_232' title='bbox 363 2787 491 2864; x_wconf 75' lang='lat' dir='ltr'><strong>hibetur,</strong></span> <span class='ocrx_word' id='word_1_233' title='bbox 514 2807 573 2850; x_wconf 93' lang='lat' dir='ltr'><strong>non</strong></span> <span class='ocrx_word' id='word_1_234' title='bbox 600 2788 628 2850; x_wconf 92' lang='lat' dir='ltr'><strong>iu</strong></span> <span class='ocrx_word' id='word_1_235' title='bbox 651 2789 730 2851; x_wconf 87' lang='lat' dir='ltr'><strong>seria</strong></span> <span class='ocrx_word' id='word_1_236' title='bbox 751 2788 895 2863; x_wconf 90' lang='lat' dir='ltr'><strong>oratioue,</strong></span> <span class='ocrx_word' id='word_1_237' title='bbox 915 2783 1011 2868; x_wconf 88' lang='lat' dir='ltr'><strong>qualis</strong></span> <span class='ocrx_word' id='word_1_238' title='bbox 1032 2783 1105 2844; x_wconf 88' lang='lat' dir='ltr'><strong>baec</strong></span> <span class='ocrx_word' id='word_1_239' title='bbox 1127 2787 1183 2860; x_wconf 91' lang='lat' dir='ltr'><strong>est,</strong></span> <span class='ocrx_word' id='word_1_240' title='bbox 1206 2787 1235 2843; x_wconf 94' lang='lat' dir='ltr'><strong>et</strong></span> <span class='ocrx_word' id='word_1_241' title='bbox 1254 2780 1345 2862; x_wconf 91' lang='lat' dir='ltr'><strong>louge</strong></span> <span class='ocrx_word' id='word_1_242' title='bbox 1364 2781 1461 2845; x_wconf 88' lang='lat' dir='ltr'><strong>minus</strong></span> <span class='ocrx_word' id='word_1_243' title='bbox 1481 2785 1684 2849; x_wconf 89' lang='lat' dir='ltr'><strong>vehementem</strong></span> <span class='ocrx_word' id='word_1_244' title='bbox 1703 2789 1792 2852; x_wconf 87' lang='lat' dir='ltr'><strong>babet</strong></span> <span class='ocrx_word' id='word_1_245' title='bbox 1808 2790 2061 2870; x_wconf 87' lang='lat' dir='ltr'><strong>significationem,</strong></span> 
     </span>
     <span class='ocr_line' id='line_1_20' title="bbox 365 2897 2061 2990; baseline 0.004 -24"><span class='ocrx_word' id='word_1_246' title='bbox 365 2923 454 2984; x_wconf 88' lang='lat' dir='ltr'><strong>quam</strong></span> <span class='ocrx_word' id='word_1_247' title='bbox 474 2925 551 2984; x_wconf 90' lang='lat' dir='ltr'><strong>opus</strong></span> <span class='ocrx_word' id='word_1_248' title='bbox 573 2911 625 2967; x_wconf 89' lang='lat' dir='ltr'><strong>est.</strong></span> <span class='ocrx_word' id='word_1_249' title='bbox 667 2905 743 2966; x_wconf 88' lang='lat' dir='ltr'><strong>Cum</strong></span> <span class='ocrx_word' id='word_1_250' title='bbox 766 2905 844 2964; x_wconf 88' lang='lat' dir='ltr'><strong>enim</strong></span> <span class='ocrx_word' id='word_1_251' title='bbox 866 2903 1048 2965; x_wconf 86' lang='lat' dir='ltr'><strong>contrarium</strong></span> <span class='ocrx_word' id='word_1_252' title='bbox 1068 2899 1107 2960; x_wconf 92' lang='lat' dir='ltr'><strong>sit</strong></span> <span class='ocrx_word' id='word_1_253' title='bbox 1119 2897 1301 2979; x_wconf 74' lang='lat' dir='ltr'><strong>frigescere,</strong></span> <span class='ocrx_word' id='word_1_254' title='bbox 1324 2899 1391 2981; x_wconf 89' lang='lat' dir='ltr'><strong>quis</strong></span> <span class='ocrx_word' id='word_1_255' title='bbox 1410 2899 1509 2980; x_wconf 87' lang='lat' dir='ltr'><strong>ferret,</strong></span> <span class='ocrx_word' id='word_1_256' title='bbox 1528 2904 1555 2964; x_wconf 93' lang='lat' dir='ltr'><strong>si</strong></span> <span class='ocrx_word' id='word_1_257' title='bbox 1568 2911 1661 2966; x_wconf 80' lang='lat' dir='ltr'><strong>esset:</strong></span> <span class='ocrx_word' id='word_1_258' title='bbox 1683 2906 1771 2966; x_wconf 79' lang='lat' dir='ltr'><strong>callo</strong></span> <span class='ocrx_word' id='word_1_259' title='bbox 1788 2909 1942 2986; x_wconf 71' lang='lat' dir='ltr'><strong>praestitio</strong></span> <span class='ocrx_word' id='word_1_260' title='bbox 1962 2909 2061 2990; x_wconf 82' lang='lat' dir='ltr'><strong>effect,</strong></span> 
     </span>
     <span class='ocr_line' id='line_1_21' title="bbox 364 3019 805 3100; baseline 0.007 -21"><span class='ocrx_word' id='word_1_261' title='bbox 364 3041 403 3080; x_wconf 84' lang='lat' dir='ltr'><strong>ae</strong></span> <span class='ocrx_word' id='word_1_262' title='bbox 415 3019 604 3100; x_wconf 79' lang='lat' dir='ltr'><strong>frigesceret</strong></span> <span class='ocrx_word' id='word_1_263' title='bbox 628 3022 805 3082; x_wconf 79' lang='lat' dir='ltr'><strong>Antoniae?</strong></span> 
     </span>
    </p>

    <p class='ocr_par' dir='ltr' id='par_1_3' title="bbox 366 3135 2063 3335">
     <span class='ocr_line' id='line_1_22' title="bbox 488 3135 2063 3226; baseline 0.008 -26"><span class='ocrx_word' id='word_1_264' title='bbox 488 3139 657 3218; x_wconf 89' lang='lat' dir='ltr'><strong>Supersunt</strong></span> <span class='ocrx_word' id='word_1_265' title='bbox 677 3139 738 3200; x_wconf 90' lang='lat' dir='ltr'><strong>dna</strong></span> <span class='ocrx_word' id='word_1_266' title='bbox 762 3139 888 3200; x_wconf 88' lang='lat' dir='ltr'><strong>maxime</strong></span> <span class='ocrx_word' id='word_1_267' title='bbox 912 3137 982 3214; x_wconf 87' lang='lat' dir='ltr'><strong>loci,</strong></span> <span class='ocrx_word' id='word_1_268' title='bbox 1004 3135 1056 3198; x_wconf 91' lang='lat' dir='ltr'><strong>ubi</strong></span> <span class='ocrx_word' id='word_1_269' title='bbox 1075 3136 1262 3196; x_wconf 84' lang='lat' dir='ltr'><strong>llermaunus</strong></span> <span class='ocrx_word' id='word_1_270' title='bbox 1284 3136 1355 3197; x_wconf 88' lang='lat' dir='ltr'><strong>dum</strong></span> <span class='ocrx_word' id='word_1_271' title='bbox 1376 3143 1471 3217; x_wconf 86' lang='lat' dir='ltr'><strong>negat,</strong></span> <span class='ocrx_word' id='word_1_272' title='bbox 1501 3138 1675 3219; x_wconf 86' lang='lat' dir='ltr'><strong>philosophi</strong></span> <span class='ocrx_word' id='word_1_273' title='bbox 1702 3139 1884 3222; x_wconf 84' lang='lat' dir='ltr'><strong>diligentiam</strong></span> <span class='ocrx_word' id='word_1_274' title='bbox 1907 3154 1959 3209; x_wconf 88' lang='lat' dir='ltr'><strong>aut</strong></span> <span class='ocrx_word' id='word_1_275' title='bbox 1970 3149 2063 3226; x_wconf 90' lang='lat' dir='ltr'><strong>juris·</strong></span> 
     </span>
     <span class='ocr_line' id='line_1_23' title="bbox 366 3251 2062 3335; baseline 0.008 -19"><span class='ocrx_word' id='word_1_276' title='bbox 366 3255 495 3318; x_wconf 89' lang='lat' dir='ltr'><strong>consulti</strong></span> <span class='ocrx_word' id='word_1_277' title='bbox 513 3257 680 3319; x_wconf 88' lang='lat' dir='ltr'><strong>cautionem</strong></span> <span class='ocrx_word' id='word_1_278' title='bbox 701 3257 732 3317; x_wconf 90' lang='lat' dir='ltr'><strong>iu</strong></span> <span class='ocrx_word' id='word_1_279' title='bbox 745 3255 894 3318; x_wconf 84' lang='lat' dir='ltr'><strong>Cicerone</strong></span> <span class='ocrx_word' id='word_1_280' title='bbox 913 3273 980 3317; x_wconf 90' lang='lat' dir='ltr'><strong>esse</strong></span> <span class='ocrx_word' id='word_1_281' title='bbox 1001 3251 1225 3335; x_wconf 83' lang='lat' dir='ltr'><strong>expectandam,</strong></span> <span class='ocrx_word' id='word_1_282' title='bbox 1245 3252 1303 3316; x_wconf 93' lang='lat' dir='ltr'><strong>hoc</strong></span> <span class='ocrx_word' id='word_1_283' title='bbox 1326 3256 1436 3333; x_wconf 80' lang='lat' dir='ltr'><strong>statuit,</strong></span> <span class='ocrx_word' id='word_1_284' title='bbox 1459 3275 1520 3318; x_wconf 89' lang='lat' dir='ltr'><strong>non</strong></span> <span class='ocrx_word' id='word_1_285' title='bbox 1542 3257 1638 3319; x_wconf 88' lang='lat' dir='ltr'><strong>dicam</strong></span> <span class='ocrx_word' id='word_1_286' title='bbox 1658 3265 1709 3319; x_wconf 89' lang='lat' dir='ltr'><strong>aut</strong></span> <span class='ocrx_word' id='word_1_287' title='bbox 1731 3258 1882 3324; x_wconf 84' lang='lat' dir='ltr'><strong>latinitatis</strong></span> <span class='ocrx_word' id='word_1_288' title='bbox 1901 3271 1952 3326; x_wconf 88' lang='lat' dir='ltr'><strong>aut</strong></span> <span class='ocrx_word' id='word_1_289' title='bbox 1973 3267 2062 3330; x_wconf 93' lang='lat' dir='ltr'><strong>ullius</strong></span> 
     </span>
    </p>
   </div>
   <div class='ocr_carea' id='block_1_3' title="bbox 366 3469 2064 3996">
    <p class='ocr_par' dir='ltr' id='par_1_4' title="bbox 366 3469 2064 3996">
     <span class='ocr_line' id='line_1_24' title="bbox 367 3469 2062 3538; baseline 0.008 -20"><span class='ocrx_word' id='word_1_290' title='bbox 367 3481 411 3519; x_wconf 89' lang='lat' dir='ltr'><strong>res</strong></span> <span class='ocrx_word' id='word_1_291' title='bbox 432 3483 480 3533; x_wconf 86' lang='lat' dir='ltr'><strong>per</strong></span> <span class='ocrx_word' id='word_1_292' title='bbox 498 3484 528 3522; x_wconf 92' lang='lat' dir='ltr'><strong>se</strong></span> <span class='ocrx_word' id='word_1_293' title='bbox 549 3472 607 3536; x_wconf 89' lang='lat' dir='ltr'><strong>ipse</strong></span> <span class='ocrx_word' id='word_1_294' title='bbox 626 3473 697 3522; x_wconf 89' lang='lat' dir='ltr'><strong>clara</strong></span> <span class='ocrx_word' id='word_1_295' title='bbox 717 3474 773 3532; x_wconf 86' lang='lat' dir='ltr'><strong>est;</strong></span> <span class='ocrx_word' id='word_1_296' title='bbox 794 3483 855 3520; x_wconf 87' lang='lat' dir='ltr'><strong>nem</strong></span> <span class='ocrx_word' id='word_1_297' title='bbox 875 3473 930 3519; x_wconf 87' lang='lat' dir='ltr'><strong>tem</strong></span> <span class='ocrx_word' id='word_1_298' title='bbox 948 3469 1046 3521; x_wconf 83' lang='lat' dir='ltr'><strong>diversi</strong></span> <span class='ocrx_word' id='word_1_299' title='bbox 1063 3470 1234 3536; x_wconf 86' lang='lat' dir='ltr'><strong>magistratus</strong></span> <span class='ocrx_word' id='word_1_300' title='bbox 1254 3481 1308 3518; x_wconf 89' lang='lat' dir='ltr'><strong>non</strong></span> <span class='ocrx_word' id='word_1_301' title='bbox 1326 3472 1480 3531; x_wconf 86' lang='lat' dir='ltr'><strong>proponunt</strong></span> <span class='ocrx_word' id='word_1_302' title='bbox 1499 3483 1581 3520; x_wconf 86' lang='lat' dir='ltr'><strong>unum</strong></span> <span class='ocrx_word' id='word_1_303' title='bbox 1597 3471 1730 3534; x_wconf 87' lang='lat' dir='ltr'><strong>edictum;</strong></span> <span class='ocrx_word' id='word_1_304' title='bbox 1748 3474 1808 3525; x_wconf 84' lang='lat' dir='ltr'><strong>Phil.</strong></span> <span class='ocrx_word' id='word_1_305' title='bbox 1828 3473 1866 3538; x_wconf 79' lang='lat'><strong>13,</strong></span> <span class='ocrx_word' id='word_1_306' title='bbox 1888 3475 1904 3528; x_wconf 81' lang='grc'>9</span> <span class='ocrx_word' id='word_1_307' title='bbox 1925 3491 1986 3530; x_wconf 89' lang='lat' dir='ltr'><strong>cum</strong></span> <span class='ocrx_word' id='word_1_308' title='bbox 2005 3482 2062 3532; x_wconf 87' lang='lat' dir='ltr'><strong>tin-</strong></span> 
     </span>
     <span class='ocr_line' id='line_1_25' title="bbox 366 3557 2064 3630; baseline 0.011 -23"><span class='ocrx_word' id='word_1_309' title='bbox 366 3561 454 3612; x_wconf 86' lang='lat' dir='ltr'><strong>tonius</strong></span> <span class='ocrx_word' id='word_1_310' title='bbox 474 3561 570 3613; x_wconf 89' lang='lat' dir='ltr'><strong>dicitur</strong></span> <span class='ocrx_word' id='word_1_311' title='bbox 587 3565 761 3614; x_wconf 85' lang='lat' dir='ltr'><strong>Octavianum</strong></span> <span class='ocrx_word' id='word_1_312' title='bbox 777 3563 886 3613; x_wconf 88' lang='lat' dir='ltr'><strong>laesisse</strong></span> <span class='ocrx_word' id='word_1_313' title='bbox 902 3559 1000 3622; x_wconf 74' lang='lat' dir='ltr'><strong>edictis,</strong></span> <span class='ocrx_word' id='word_1_314' title='bbox 1020 3563 1084 3613; x_wconf 89' lang='lat' dir='ltr'><strong>item</strong></span> <span class='ocrx_word' id='word_1_315' title='bbox 1102 3563 1199 3614; x_wconf 89' lang='lat' dir='ltr'><strong>dieitur</strong></span> <span class='ocrx_word' id='word_1_316' title='bbox 1220 3560 1282 3611; x_wconf 90' lang='lat' dir='ltr'><strong>Pbil.</strong></span> <span class='ocrx_word' id='word_1_317' title='bbox 1300 3557 1324 3620; x_wconf 85' lang='grc'><strong>3,</strong></span> <span class='ocrx_word' id='word_1_318' title='bbox 1335 3557 1358 3622; x_wconf 85' lang='grc'><strong>6,</strong></span> <span class='ocrx_word' id='word_1_319' title='bbox 1378 3573 1439 3611; x_wconf 88' lang='lat' dir='ltr'><strong>cum</strong></span> <span class='ocrx_word' id='word_1_320' title='bbox 1458 3564 1552 3612; x_wconf 90' lang='lat' dir='ltr'><strong>contra</strong></span> <span class='ocrx_word' id='word_1_321' title='bbox 1570 3563 1630 3613; x_wconf 87' lang='lat' dir='ltr'><strong>Phil.</strong></span> <span class='ocrx_word' id='word_1_322' title='bbox 1642 3561 1697 3627; x_wconf 85' lang='lat'><strong>3‚7</strong></span> <span class='ocrx_word' id='word_1_323' title='bbox 1715 3573 1838 3619; x_wconf 87' lang='lat' dir='ltr'><strong>narretur</strong></span> <span class='ocrx_word' id='word_1_324' title='bbox 1858 3571 1887 3630; x_wconf 85' lang='lat' dir='ltr'><strong>Q.</strong></span> <span class='ocrx_word' id='word_1_325' title='bbox 1907 3570 2064 3624; x_wconf 88' lang='lat' dir='ltr'><strong>Ciceronem</strong></span> 
     </span>
     <span class='ocr_line' id='line_1_26' title="bbox 367 3652 2063 3730; baseline 0.009 -29"><span class='ocrx_word' id='word_1_326' title='bbox 367 3653 542 3716; x_wconf 87' lang='lat' dir='ltr'><strong>compellasse</strong></span> <span class='ocrx_word' id='word_1_327' title='bbox 562 3653 654 3716; x_wconf 87' lang='lat' dir='ltr'><strong>edicto,</strong></span> <span class='ocrx_word' id='word_1_328' title='bbox 673 3670 726 3720; x_wconf 91' lang='lat' dir='ltr'><strong>qua</strong></span> <span class='ocrx_word' id='word_1_329' title='bbox 745 3656 810 3706; x_wconf 89' lang='lat' dir='ltr'><strong>satis</strong></span> <span class='ocrx_word' id='word_1_330' title='bbox 831 3652 962 3718; x_wconf 86' lang='lat' dir='ltr'><strong>signifieat</strong></span> <span class='ocrx_word' id='word_1_331' title='bbox 982 3654 1075 3705; x_wconf 90' lang='lat' dir='ltr'><strong>Cicero</strong></span> <span class='ocrx_word' id='word_1_332' title='bbox 1095 3654 1223 3720; x_wconf 89' lang='lat' dir='ltr'><strong>pluralem</strong></span> <span class='ocrx_word' id='word_1_333' title='bbox 1240 3667 1294 3704; x_wconf 92' lang='lat' dir='ltr'><strong>nan</strong></span> <span class='ocrx_word' id='word_1_334' title='bbox 1313 3654 1376 3716; x_wconf 90' lang='lat' dir='ltr'><strong>poni</strong></span> <span class='ocrx_word' id='word_1_335' title='bbox 1395 3652 1429 3703; x_wconf 91' lang='lat' dir='ltr'><strong>de</strong></span> <span class='ocrx_word' id='word_1_336' title='bbox 1447 3667 1508 3703; x_wconf 92' lang='lat' dir='ltr'><strong>uno.</strong></span> <span class='ocrx_word' id='word_1_337' title='bbox 1541 3653 1595 3705; x_wconf 81' lang='lat' dir='ltr'><strong>Nec</strong></span> <span class='ocrx_word' id='word_1_338' title='bbox 1615 3659 1698 3721; x_wconf 87' lang='lat' dir='ltr'><strong>magis</strong></span> <span class='ocrx_word' id='word_1_339' title='bbox 1717 3661 1788 3724; x_wconf 80' lang='lat' dir='ltr'><strong>aprid</strong></span> <span class='ocrx_word' id='word_1_340' title='bbox 1808 3663 1858 3711; x_wconf 74' lang='lat' dir='ltr'><strong>stt.</strong></span> <span class='ocrx_word' id='word_1_341' title='bbox 1870 3659 1909 3724; x_wconf 80' lang='lat'><strong>15,</strong></span> <span class='ocrx_word' id='word_1_342' title='bbox 1921 3662 1942 3726; x_wconf 85' lang='lat'><strong>1,</strong></span> <span class='ocrx_word' id='word_1_343' title='bbox 1955 3661 1981 3725; x_wconf 84' lang='lat'><strong>3,</strong></span> <span class='ocrx_word' id='word_1_344' title='bbox 1995 3679 2063 3730; x_wconf 87' lang='lat' dir='ltr'><strong>quae</strong></span> 
     </span>
     <span class='ocr_line' id='line_1_27' title="bbox 367 3740 2063 3818; baseline 0.008 -24"><span class='ocrx_word' id='word_1_345' title='bbox 367 3743 479 3807; x_wconf 84' lang='lat' dir='ltr'><strong>epistola</strong></span> <span class='ocrx_word' id='word_1_346' title='bbox 496 3755 518 3794; x_wconf 89' lang='lat' dir='ltr'><strong>a.</strong></span> <span class='ocrx_word' id='word_1_347' title='bbox 540 3744 563 3797; x_wconf 91' lang='lat' dir='ltr'><strong>d.</strong></span> <span class='ocrx_word' id='word_1_348' title='bbox 584 3746 639 3796; x_wconf 81' lang='lat' dir='ltr'><strong>livi</strong></span> <span class='ocrx_word' id='word_1_349' title='bbox 661 3747 714 3797; x_wconf 84' lang='lat' dir='ltr'><strong>lial.</strong></span> <span class='ocrx_word' id='word_1_350' title='bbox 731 3746 790 3797; x_wconf 83' lang='lat' dir='ltr'><strong>lun.</strong></span> <span class='ocrx_word' id='word_1_351' title='bbox 811 3761 870 3797; x_wconf 89' lang='lat' dir='ltr'><strong>ann.</strong></span> <span class='ocrx_word' id='word_1_352' title='bbox 885 3740 919 3794; x_wconf 72' lang='grc'><strong>43</strong></span> <span class='ocrx_word' id='word_1_353' title='bbox 939 3747 1039 3811; x_wconf 87' lang='lat' dir='ltr'><strong>scripta</strong></span> <span class='ocrx_word' id='word_1_354' title='bbox 1057 3750 1105 3810; x_wconf 86' lang='lat' dir='ltr'><strong>est,</strong></span> <span class='ocrx_word' id='word_1_355' title='bbox 1127 3746 1305 3798; x_wconf 84' lang='lat' dir='ltr'><strong>demonstrari</strong></span> <span class='ocrx_word' id='word_1_356' title='bbox 1323 3748 1414 3808; x_wconf 87' lang='lat' dir='ltr'><strong>potest</strong></span> <span class='ocrx_word' id='word_1_357' title='bbox 1433 3746 1485 3798; x_wconf 91' lang='lat' dir='ltr'><strong>uilo</strong></span> <span class='ocrx_word' id='word_1_358' title='bbox 1503 3748 1583 3799; x_wconf 90' lang='lat' dir='ltr'><strong>modo</strong></span> <span class='ocrx_word' id='word_1_359' title='bbox 1600 3751 1728 3815; x_wconf 88' lang='lat' dir='ltr'><strong>pluralem</strong></span> <span class='ocrx_word' id='word_1_360' title='bbox 1747 3755 1864 3818; x_wconf 86' lang='lat' dir='ltr'><strong>positum</strong></span> <span class='ocrx_word' id='word_1_361' title='bbox 1886 3769 1945 3808; x_wconf 87' lang='lat' dir='ltr'><strong>esse</strong></span> <span class='ocrx_word' id='word_1_362' title='bbox 1966 3759 1991 3807; x_wconf 91' lang='lat' dir='ltr'><strong>in</strong></span> <span class='ocrx_word' id='word_1_363' title='bbox 2011 3771 2063 3808; x_wconf 92' lang='lat' dir='ltr'><strong>uno</strong></span> 
     </span>
     <span class='ocr_line' id='line_1_28' title="bbox 368 3833 2064 3904; baseline 0.009 -19"><span class='ocrx_word' id='word_1_364' title='bbox 368 3834 463 3886; x_wconf 88' lang='lat' dir='ltr'><strong>edicta.</strong></span> <span class='ocrx_word' id='word_1_365' title='bbox 502 3838 630 3901; x_wconf 85' lang='lat' dir='ltr'><strong>Superest</strong></span> <span class='ocrx_word' id='word_1_366' title='bbox 646 3837 706 3888; x_wconf 88' lang='lat' dir='ltr'><strong>Veii.</strong></span> <span class='ocrx_word' id='word_1_367' title='bbox 727 3839 827 3890; x_wconf 86' lang='lat' dir='ltr'><strong>Patere.</strong></span> <span class='ocrx_word' id='word_1_368' title='bbox 846 3836 870 3900; x_wconf 74' lang='lat' dir='ltr'><strong>i,</strong></span> <span class='ocrx_word' id='word_1_369' title='bbox 888 3833 931 3898; x_wconf 68' lang='lat'><strong>6⁸2,</strong></span> <span class='ocrx_word' id='word_1_370' title='bbox 951 3840 996 3904; x_wconf 91' lang='lat' dir='ltr'><strong>qui</strong></span> <span class='ocrx_word' id='word_1_371' title='bbox 1014 3839 1088 3890; x_wconf 88' lang='lat' dir='ltr'><strong>Bruti</strong></span> <span class='ocrx_word' id='word_1_372' title='bbox 1108 3843 1136 3890; x_wconf 90' lang='lat' dir='ltr'><strong>et</strong></span> <span class='ocrx_word' id='word_1_373' title='bbox 1155 3839 1238 3890; x_wconf 87' lang='lat' dir='ltr'><strong>Cassii</strong></span> <span class='ocrx_word' id='word_1_374' title='bbox 1261 3837 1294 3888; x_wconf 86' lang='lat' dir='ltr'><strong>ab</strong></span> <span class='ocrx_word' id='word_1_375' title='bbox 1319 3839 1393 3889; x_wconf 86' lang='lat' dir='ltr'><strong>ltalia</strong></span> <span class='ocrx_word' id='word_1_376' title='bbox 1416 3839 1643 3903; x_wconf 77' lang='lat' dir='ltr'><strong>proficiscentium</strong></span> <span class='ocrx_word' id='word_1_377' title='bbox 1669 3846 1758 3896; x_wconf 86' lang='lat' dir='ltr'><strong>edicte</strong></span> <span class='ocrx_word' id='word_1_378' title='bbox 1782 3855 1983 3900; x_wconf 87' lang='lat' dir='ltr'><strong>commemorat.</strong></span> <span class='ocrx_word' id='word_1_379' title='bbox 2026 3851 2064 3902; x_wconf 88' lang='lat' dir='ltr'><strong>De</strong></span> 
     </span>
     <span class='ocr_line' id='line_1_29' title="bbox 368 3924 1230 3996; baseline 0.005 -20"><span class='ocrx_word' id='word_1_380' title='bbox 368 3924 465 3990; x_wconf 88' lang='lat' dir='ltr'><strong>quibus</strong></span> <span class='ocrx_word' id='word_1_381' title='bbox 486 3927 581 3979; x_wconf 88' lang='lat' dir='ltr'><strong>edictis</strong></span> <span class='ocrx_word' id='word_1_382' title='bbox 599 3942 710 3993; x_wconf 85' lang='lat' dir='ltr'><strong>prorsus</strong></span> <span class='ocrx_word' id='word_1_383' title='bbox 731 3929 877 3995; x_wconf 88' lang='lat' dir='ltr'><strong>ignoratur,</strong></span> <span class='ocrx_word' id='word_1_384' title='bbox 896 3931 983 3996; x_wconf 89' lang='lat' dir='ltr'><strong>qualia</strong></span> <span class='ocrx_word' id='word_1_385' title='bbox 1001 3934 1028 3982; x_wconf 90' lang='lat' dir='ltr'><strong>et</strong></span> <span class='ocrx_word' id='word_1_386' title='bbox 1046 3934 1112 3996; x_wconf 90' lang='lat' dir='ltr'><strong>quot</strong></span> <span class='ocrx_word' id='word_1_387' title='bbox 1126 3931 1230 3982; x_wconf 90' lang='lat' dir='ltr'><strong>fuerint.</strong></span> 
     </span>
    </p>
   </div>
   <div class='ocr_carea' id='block_1_4' title="bbox 368 4042 2064 4296">
    <p class='ocr_par' dir='ltr' id='par_1_5' title="bbox 368 4042 2064 4296">
     <span class='ocr_line' id='line_1_30' title="bbox 518 4042 2064 4125; baseline 0.011 -32"><span class='ocrx_word' id='word_1_388' title='bbox 518 4042 546 4109; x_wconf 88' lang='lat'><strong>1)</strong></span> <span class='ocrx_word' id='word_1_389' title='bbox 566 4047 650 4110; x_wconf 79' lang='lat' dir='ltr'><strong>Atque</strong></span> <span class='ocrx_word' id='word_1_390' title='bbox 670 4059 703 4098; x_wconf 90' lang='lat' dir='ltr'><strong>eo</strong></span> <span class='ocrx_word' id='word_1_391' title='bbox 721 4047 859 4099; x_wconf 88' lang='lat' dir='ltr'><strong>molestius</strong></span> <span class='ocrx_word' id='word_1_392' title='bbox 877 4046 941 4108; x_wconf 90' lang='lat' dir='ltr'><strong>fero,</strong></span> <span class='ocrx_word' id='word_1_393' title='bbox 960 4047 1034 4111; x_wconf 90' lang='lat' dir='ltr'><strong>quod</strong></span> <span class='ocrx_word' id='word_1_394' title='bbox 1051 4048 1130 4098; x_wconf 89' lang='lat' dir='ltr'><strong>nimis</strong></span> <span class='ocrx_word' id='word_1_395' title='bbox 1148 4047 1202 4098; x_wconf 90' lang='lat' dir='ltr'><strong>tere</strong></span> <span class='ocrx_word' id='word_1_396' title='bbox 1219 4048 1336 4112; x_wconf 81' lang='lat' dir='ltr'><strong>exagitat</strong></span> <span class='ocrx_word' id='word_1_397' title='bbox 1359 4048 1477 4097; x_wconf 89' lang='lat' dir='ltr'><strong>virorum</strong></span> <span class='ocrx_word' id='word_1_398' title='bbox 1498 4048 1646 4115; x_wconf 89' lang='lat' dir='ltr'><strong>doctarum,</strong></span> <span class='ocrx_word' id='word_1_399' title='bbox 1674 4056 1696 4106; x_wconf 89' lang='lat' dir='ltr'><strong>si</strong></span> <span class='ocrx_word' id='word_1_400' title='bbox 1721 4067 1773 4106; x_wconf 91' lang='lat' dir='ltr'><strong>non</strong></span> <span class='ocrx_word' id='word_1_401' title='bbox 1791 4060 1900 4108; x_wconf 88' lang='lat' dir='ltr'><strong>cautum</strong></span> <span class='ocrx_word' id='word_1_402' title='bbox 1919 4059 2020 4125; x_wconf 89' lang='lat' dir='ltr'><strong>utique,</strong></span> <span class='ocrx_word' id='word_1_403' title='bbox 2037 4065 2064 4111; x_wconf 88' lang='lat' dir='ltr'><strong>at</strong></span> 
     </span>
     <span class='ocr_line' id='line_1_31' title="bbox 368 4133 2064 4217; baseline 0.018 -43"><span class='ocrx_word' id='word_1_404' title='bbox 368 4133 510 4184; x_wconf 79' lang='lat' dir='ltr'><strong>honestum</strong></span> <span class='ocrx_word' id='word_1_405' title='bbox 531 4137 656 4188; x_wconf 79' lang='lat' dir='ltr'><strong>studium,</strong></span> <span class='ocrx_word' id='word_1_406' title='bbox 692 4139 724 4188; x_wconf 81' lang='lat' dir='ltr'><strong>Ut</strong></span> <span class='ocrx_word' id='word_1_407' title='bbox 740 4140 805 4191; x_wconf 79' lang='lat' dir='ltr'><strong>dicit</strong></span> <span class='ocrx_word' id='word_1_408' title='bbox 824 4141 857 4192; x_wconf 78' lang='lat' dir='ltr'><strong>de</strong></span> <span class='ocrx_word' id='word_1_409' title='bbox 874 4146 978 4206; x_wconf 72' lang='lat' dir='ltr'><strong>stupore</strong></span> <span class='ocrx_word' id='word_1_410' title='bbox 997 4140 1142 4191; x_wconf 84' lang='lat' dir='ltr'><strong>lfarlilendi</strong></span> <span class='ocrx_word' id='word_1_411' title='bbox 1170 4155 1196 4203; x_wconf 84' lang='lat' dir='ltr'><strong>p.</strong></span> <span class='ocrx_word' id='word_1_412' title='bbox 1217 4139 1256 4203; x_wconf 86' lang='lat' dir='ltr'><strong>tt,</strong></span> <span class='ocrx_word' id='word_1_413' title='bbox 1281 4139 1404 4207; x_wconf 82' lang='lat' dir='ltr'><strong>propinat</strong></span> <span class='ocrx_word' id='word_1_414' title='bbox 1429 4139 1561 4192; x_wconf 81' lang='lat' dir='ltr'><strong>ridendam</strong></span> <span class='ocrx_word' id='word_1_415' title='bbox 1580 4159 1694 4196; x_wconf 79' lang='lat' dir='ltr'><strong>aerarum</strong></span> <span class='ocrx_word' id='word_1_416' title='bbox 1716 4163 1843 4198; x_wconf 76' lang='lat' dir='ltr'><strong>censorem</strong></span> <span class='ocrx_word' id='word_1_417' title='bbox 1861 4149 1899 4216; x_wconf 84' lang='lat' dir='ltr'><strong>(p.</strong></span> <span class='ocrx_word' id='word_1_418' title='bbox 1920 4148 1974 4217; x_wconf 76' lang='lat' dir='ltr'><strong>fb),</strong></span> <span class='ocrx_word' id='word_1_419' title='bbox 1995 4166 2064 4216; x_wconf 89' lang='lat' dir='ltr'><strong>quae</strong></span> 
     </span>
     <span class='ocr_line' id='line_1_32' title="bbox 368 4223 1604 4296; baseline 0.009 -20"><span class='ocrx_word' id='word_1_420' title='bbox 368 4227 391 4276; x_wconf 86' lang='lat' dir='ltr'><strong>ei</strong></span> <span class='ocrx_word' id='word_1_421' title='bbox 411 4223 515 4277; x_wconf 87' lang='lat' dir='ltr'><strong>ferebat</strong></span> <span class='ocrx_word' id='word_1_422' title='bbox 532 4228 676 4280; x_wconf 84' lang='lat' dir='ltr'><strong>Marklandi</strong></span> <span class='ocrx_word' id='word_1_423' title='bbox 695 4234 776 4294; x_wconf 86' lang='lat' dir='ltr'><strong>netes,</strong></span> <span class='ocrx_word' id='word_1_424' title='bbox 795 4234 903 4282; x_wconf 89' lang='lat' dir='ltr'><strong>nostrae</strong></span> <span class='ocrx_word' id='word_1_425' title='bbox 922 4235 995 4282; x_wconf 90' lang='lat' dir='ltr'><strong>certe</strong></span> <span class='ocrx_word' id='word_1_426' title='bbox 1012 4233 1107 4283; x_wconf 88' lang='lat' dir='ltr'><strong>aetatis</strong></span> <span class='ocrx_word' id='word_1_427' title='bbox 1125 4233 1210 4295; x_wconf 88' lang='lat' dir='ltr'><strong>major</strong></span> <span class='ocrx_word' id='word_1_428' title='bbox 1228 4231 1315 4282; x_wconf 87' lang='lat' dir='ltr'><strong>cultus</strong></span> <span class='ocrx_word' id='word_1_429' title='bbox 1333 4231 1488 4296; x_wconf 85' lang='lat' dir='ltr'><strong>abstergere</strong></span> <span class='ocrx_word' id='word_1_430' title='bbox 1506 4235 1604 4287; x_wconf 88' lang='lat' dir='ltr'><strong>debuit.</strong></span> 
     </span>
    </p>
   </div>
   <div class='ocr_carea' id='block_1_5' title="bbox 368 4339 2066 4870">
    <p class='ocr_par' dir='ltr' id='par_1_6' title="bbox 368 4339 2066 4870">
     <span class='ocr_line' id='line_1_33' title="bbox 518 4339 2064 4423; baseline 0.014 -30"><span class='ocrx_word' id='word_1_431' title='bbox 518 4339 548 4410; x_wconf 72' lang='lat'><strong>2)</strong></span> <span class='ocrx_word' id='word_1_432' title='bbox 565 4345 649 4396; x_wconf 85' lang='lat' dir='ltr'><strong>haute</strong></span> <span class='ocrx_word' id='word_1_433' title='bbox 667 4347 747 4398; x_wconf 87' lang='lat' dir='ltr'><strong>etiem</strong></span> <span class='ocrx_word' id='word_1_434' title='bbox 766 4347 818 4397; x_wconf 90' lang='lat' dir='ltr'><strong>hoc</strong></span> <span class='ocrx_word' id='word_1_435' title='bbox 836 4345 990 4398; x_wconf 84' lang='lat' dir='ltr'><strong>observavit</strong></span> <span class='ocrx_word' id='word_1_436' title='bbox 1006 4347 1186 4408; x_wconf 69' lang='lat' dir='ltr'><strong>herilandus,</strong></span> <span class='ocrx_word' id='word_1_437' title='bbox 1211 4345 1255 4399; x_wconf 90' lang='lat' dir='ltr'><strong>ubi</strong></span> <span class='ocrx_word' id='word_1_438' title='bbox 1274 4348 1362 4411; x_wconf 73' lang='lat' dir='ltr'><strong>jacen</strong></span> <span class='ocrx_word' id='word_1_439' title='bbox 1383 4357 1560 4413; x_wconf 87' lang='lat' dir='ltr'><strong>componatur</strong></span> <span class='ocrx_word' id='word_1_440' title='bbox 1577 4367 1638 4404; x_wconf 90' lang='lat' dir='ltr'><strong>cum</strong></span> <span class='ocrx_word' id='word_1_441' title='bbox 1660 4355 1750 4406; x_wconf 91' lang='lat' dir='ltr'><strong>verbis</strong></span> <span class='ocrx_word' id='word_1_442' title='bbox 1774 4357 1955 4423; x_wconf 87' lang='lat' dir='ltr'><strong>intransitivis,</strong></span> <span class='ocrx_word' id='word_1_443' title='bbox 1984 4376 2064 4414; x_wconf 90' lang='lat' dir='ltr'><strong>com-</strong></span> 
     </span>
     <span class='ocr_line' id='line_1_34' title="bbox 368 4434 2064 4511; baseline 0.013 -27"><span class='ocrx_word' id='word_1_444' title='bbox 368 4434 514 4497; x_wconf 86' lang='lat' dir='ltr'><strong>panicum</strong></span> <span class='ocrx_word' id='word_1_445' title='bbox 532 4435 617 4488; x_wconf 89' lang='lat' dir='ltr'><strong>verba</strong></span> <span class='ocrx_word' id='word_1_446' title='bbox 639 4439 797 4502; x_wconf 87' lang='lat' dir='ltr'><strong>composita,</strong></span> <span class='ocrx_word' id='word_1_447' title='bbox 823 4453 876 4489; x_wconf 90' lang='lat' dir='ltr'><strong>nan</strong></span> <span class='ocrx_word' id='word_1_448' title='bbox 901 4439 1022 4503; x_wconf 86' lang='lat' dir='ltr'><strong>simplici,</strong></span> <span class='ocrx_word' id='word_1_449' title='bbox 1051 4443 1082 4490; x_wconf 92' lang='lat' dir='ltr'><strong>ut</strong></span> <span class='ocrx_word' id='word_1_450' title='bbox 1107 4439 1297 4504; x_wconf 65' lang='lat' dir='ltr'><strong>condensatio,</strong></span> <span class='ocrx_word' id='word_1_451' title='bbox 1321 4442 1513 4507; x_wconf 74' lang='lat' dir='ltr'><strong>perterrefacta.</strong></span> <span class='ocrx_word' id='word_1_452' title='bbox 1555 4448 1583 4497; x_wconf 92' lang='lat' dir='ltr'><strong>ln</strong></span> <span class='ocrx_word' id='word_1_453' title='bbox 1606 4461 1659 4511; x_wconf 90' lang='lat' dir='ltr'><strong>qua</strong></span> <span class='ocrx_word' id='word_1_454' title='bbox 1685 4461 1778 4511; x_wconf 88' lang='lat' dir='ltr'><strong>parum</strong></span> <span class='ocrx_word' id='word_1_455' title='bbox 1804 4457 1878 4504; x_wconf 89' lang='lat' dir='ltr'><strong>recte</strong></span> <span class='ocrx_word' id='word_1_456' title='bbox 1902 4453 2004 4504; x_wconf 87' lang='lat' dir='ltr'><strong>ridetur</strong></span> <span class='ocrx_word' id='word_1_457' title='bbox 2031 4456 2064 4506; x_wconf 89' lang='lat' dir='ltr'><strong>ab</strong></span> 
     </span>
     <span class='ocr_line' id='line_1_35' title="bbox 370 4525 2065 4611; baseline 0.013 -35"><span class='ocrx_word' id='word_1_458' title='bbox 370 4525 530 4588; x_wconf 82' lang='lat' dir='ltr'><strong>Hermanno,</strong></span> <span class='ocrx_word' id='word_1_459' title='bbox 558 4528 603 4593; x_wconf 89' lang='lat' dir='ltr'><strong>qui</strong></span> <span class='ocrx_word' id='word_1_460' title='bbox 629 4543 683 4580; x_wconf 88' lang='lat' dir='ltr'><strong>nou</strong></span> <span class='ocrx_word' id='word_1_461' title='bbox 708 4531 839 4582; x_wconf 86' lang='lat' dir='ltr'><strong>minorem</strong></span> <span class='ocrx_word' id='word_1_462' title='bbox 864 4531 1023 4582; x_wconf 88' lang='lat' dir='ltr'><strong>calumniam</strong></span> <span class='ocrx_word' id='word_1_463' title='bbox 1049 4545 1108 4582; x_wconf 89' lang='lat' dir='ltr'><strong>esse</strong></span> <span class='ocrx_word' id='word_1_464' title='bbox 1133 4532 1204 4595; x_wconf 86' lang='lat' dir='ltr'><strong>dicit,</strong></span> <span class='ocrx_word' id='word_1_465' title='bbox 1234 4535 1357 4597; x_wconf 91' lang='lat' dir='ltr'><strong>quamsi</strong></span> <span class='ocrx_word' id='word_1_466' title='bbox 1381 4535 1440 4600; x_wconf 89' lang='lat' dir='ltr'><strong>quis</strong></span> <span class='ocrx_word' id='word_1_467' title='bbox 1467 4533 1586 4605; x_wconf 73' lang='lat' dir='ltr'><strong>legionem</strong></span> <span class='ocrx_word' id='word_1_468' title='bbox 1605 4543 1679 4591; x_wconf 88' lang='lat' dir='ltr'><strong>recte</strong></span> <span class='ocrx_word' id='word_1_469' title='bbox 1705 4541 1757 4591; x_wconf 91' lang='lat' dir='ltr'><strong>dici</strong></span> <span class='ocrx_word' id='word_1_470' title='bbox 1775 4549 1859 4610; x_wconf 86' lang='lat' dir='ltr'><strong>neget,</strong></span> <span class='ocrx_word' id='word_1_471' title='bbox 1883 4545 1946 4611; x_wconf 90' lang='lat' dir='ltr'><strong>quie</strong></span> <span class='ocrx_word' id='word_1_472' title='bbox 1969 4545 1995 4594; x_wconf 92' lang='lat' dir='ltr'><strong>in</strong></span> <span class='ocrx_word' id='word_1_473' title='bbox 2013 4559 2065 4597; x_wconf 90' lang='lat' dir='ltr'><strong>eo-</strong></span> 
     </span>
     <span class='ocr_line' id='line_1_36' title="bbox 370 4618 2066 4702; baseline 0.013 -34"><span class='ocrx_word' id='word_1_474' title='bbox 370 4618 431 4669; x_wconf 89' lang='lat' dir='ltr'><strong>dem</strong></span> <span class='ocrx_word' id='word_1_475' title='bbox 450 4620 621 4672; x_wconf 88' lang='lat' dir='ltr'><strong>derivationis</strong></span> <span class='ocrx_word' id='word_1_476' title='bbox 638 4635 736 4687; x_wconf 83' lang='lat' dir='ltr'><strong>genere</strong></span> <span class='ocrx_word' id='word_1_477' title='bbox 753 4622 880 4686; x_wconf 82' lang='lat' dir='ltr'><strong>cantapia,</strong></span> <span class='ocrx_word' id='word_1_478' title='bbox 897 4622 1043 4685; x_wconf 75' lang='lat' dir='ltr'><strong>tatemecic,</strong></span> <span class='ocrx_word' id='word_1_479' title='bbox 1063 4621 1168 4685; x_wconf 75' lang='lat' dir='ltr'><strong>obsidia,</strong></span> <span class='ocrx_word' id='word_1_480' title='bbox 1187 4639 1240 4675; x_wconf 90' lang='lat' dir='ltr'><strong>uon</strong></span> <span class='ocrx_word' id='word_1_481' title='bbox 1261 4625 1340 4691; x_wconf 80' lang='lat' dir='ltr'><strong>topia,</strong></span> <span class='ocrx_word' id='word_1_482' title='bbox 1355 4627 1436 4688; x_wconf 71' lang='lat' dir='ltr'><strong>aedo,</strong></span> <span class='ocrx_word' id='word_1_483' title='bbox 1454 4628 1518 4679; x_wconf 75' lang='lat' dir='ltr'><strong>sidio</strong></span> <span class='ocrx_word' id='word_1_484' title='bbox 1537 4632 1648 4682; x_wconf 88' lang='lat' dir='ltr'><strong>dicatur.</strong></span> <span class='ocrx_word' id='word_1_485' title='bbox 1683 4635 1723 4695; x_wconf 81' lang='lat' dir='ltr'><strong>st,</strong></span> <span class='ocrx_word' id='word_1_486' title='bbox 1743 4640 1771 4687; x_wconf 92' lang='lat' dir='ltr'><strong>ut</strong></span> <span class='ocrx_word' id='word_1_487' title='bbox 1789 4637 1950 4696; x_wconf 87' lang='lat' dir='ltr'><strong>simillimum</strong></span> <span class='ocrx_word' id='word_1_488' title='bbox 1967 4637 2066 4702; x_wconf 85' lang='lat' dir='ltr'><strong>aliquid</strong></span> 
     </span>
     <span class='ocr_line' id='line_1_37' title="bbox 370 4709 2066 4792; baseline 0.015 -34"><span class='ocrx_word' id='word_1_489' title='bbox 370 4709 488 4773; x_wconf 79' lang='lat' dir='ltr'><strong>atteram,</strong></span> <span class='ocrx_word' id='word_1_490' title='bbox 506 4711 651 4764; x_wconf 89' lang='lat' dir='ltr'><strong>verborum</strong></span> <span class='ocrx_word' id='word_1_491' title='bbox 671 4713 883 4764; x_wconf 79' lang='lat' dir='ltr'><strong>inclioativoruni</strong></span> <span class='ocrx_word' id='word_1_492' title='bbox 904 4719 1009 4766; x_wconf 86' lang='lat' dir='ltr'><strong>canstat</strong></span> <span class='ocrx_word' id='word_1_493' title='bbox 1028 4717 1158 4782; x_wconf 88' lang='lat' dir='ltr'><strong>simplicia</strong></span> <span class='ocrx_word' id='word_1_494' title='bbox 1178 4718 1233 4770; x_wconf 89' lang='lat' dir='ltr'><strong>tere</strong></span> <span class='ocrx_word' id='word_1_495' title='bbox 1254 4719 1363 4784; x_wconf 88' lang='lat' dir='ltr'><strong>relinqui</strong></span> <span class='ocrx_word' id='word_1_496' title='bbox 1382 4724 1476 4786; x_wconf 83' lang='lat' dir='ltr'><strong>poetis,</strong></span> <span class='ocrx_word' id='word_1_497' title='bbox 1494 4724 1550 4775; x_wconf 90' lang='lat' dir='ltr'><strong>sola</strong></span> <span class='ocrx_word' id='word_1_498' title='bbox 1571 4727 1720 4788; x_wconf 87' lang='lat' dir='ltr'><strong>composita</strong></span> <span class='ocrx_word' id='word_1_499' title='bbox 1743 4741 1803 4780; x_wconf 86' lang='lat' dir='ltr'><strong>cum</strong></span> <span class='ocrx_word' id='word_1_500' title='bbox 1823 4729 2066 4792; x_wconf 84' lang='lat' dir='ltr'><strong>praepositionibus</strong></span> 
     </span>
     <span class='ocr_line' id='line_1_38' title="bbox 369 4800 823 4870; baseline 0.011 -20"><span class='ocrx_word' id='word_1_501' title='bbox 369 4814 384 4850; x_wconf 92' lang='lat' dir='ltr'><strong>a</strong></span> <span class='ocrx_word' id='word_1_502' title='bbox 405 4800 483 4854; x_wconf 87' lang='lat' dir='ltr'><strong>bonis</strong></span> <span class='ocrx_word' id='word_1_503' title='bbox 499 4805 675 4868; x_wconf 78' lang='lat' dir='ltr'><strong>scriptoribus</strong></span> <span class='ocrx_word' id='word_1_504' title='bbox 691 4807 823 4870; x_wconf 86' lang='lat' dir='ltr'><strong>usurpari.</strong></span> 
     </span>
    </p>
   </div>
   <div class='ocr_carea' id='block_1_6' title="bbox 0 0 2347 5876">
    <p class='ocr_par' dir='ltr' id='par_1_7' title="bbox 0 0 2347 5876">
     <span class='ocr_line' id='line_1_39' title="bbox 0 0 2347 5876; baseline 0 0"><span class='ocrx_word' id='word_1_505' title='bbox 0 0 2347 5876; x_wconf 95' lang='lat' dir='ltr'><strong> </strong></span> 
     </span>
    </p>
   </div>
  </div>
 </body>
</html>
