4650 5882
1120 633 1172 708 38

293 841 488 924 gratissimae
508 839 654 900 victoriae
681 837 897 917 sempiternam
924 833 1066 911 cruram,
1097 833 1260 918 inquibus
1282 855 1386 900 rrrrsus
1409 834 1497 898 video
1519 833 1694 898 sententiam
1714 834 1875 916 corrumpi.
1916 835 1998 915 Quid

296 959 374 1022 enim
397 963 441 1018 est
461 955 550 1018 illud:
570 959 666 1032 „Cum
688 954 893 1030 decernebam,
924 959 957 1016 ut
984 951 1070 1014 Bruti
1095 971 1204 1016 nomen
1230 953 1260 1015 in
1284 953 1368 1016 lastis
1395 953 1611 1030 ascriberetur,
1641 953 1717 1015 banc
1735 959 1836 1014 notam
1860 952 1890 1014 in
1913 951 1998 1015 lestis

297 1073 507 1156 sempiternam
530 1091 596 1134 esse
616 1071 800 1136 volebam''?
843 1070 938 1152 Quasi
967 1089 1040 1132 vero
1062 1071 1223 1134 nonnullae
1245 1077 1335 1134 notae
1361 1070 1392 1132 in
1412 1071 1496 1134 lastis
1519 1089 1580 1132 non
1601 1070 1661 1132 sint
1683 1070 1898 1151 sempiternae?
1940 1071 1998 1132 lta·

298 1211 357 1276 que
377 1199 477 1254 uatum
497 1199 543 1253 est
564 1190 604 1268 id,
629 1191 710 1272 quod
730 1190 760 1252 bt
781 1187 931 1272 plerisque
956 1185 1287 1266 codicibusinvenitur,
1313 1189 1344 1250 iu
1371 1188 1479 1271 quibus
1503 1197 1550 1252 est
1575 1189 1789 1268 senpiternam
1811 1189 1996 1250 memorem

300 1311 378 1372 Tum
398 1313 516 1371 constat
533 1307 687 1382 sententia,
709 1305 763 1369 scd
784 1307 894 1370 rectior
915 1311 946 1368 et
963 1303 1128 1386 elegantior
1149 1313 1237 1384 essct,
1257 1305 1283 1368 si
1304 1305 1349 1368 sio
1369 1305 1567 1368 scriberetur:
1597 1307 1775 1368 memon'erm
1803 1306 1998 1385 gratabrr'mrre

299 1429 445 1490 victoriae
462 1427 677 1506 sempiternam
696 1444 755 1487 esre
769 1423 911 1487 colebam.
955 1423 1093 1506 Denique
1111 1423 1161 1486 bic
1180 1423 1268 1487 locus
1286 1423 1324 1485 de
1342 1424 1380 1486 D.
1402 1423 1487 1486 Bruti
1508 1424 1623 1486 bonore
1644 1423 1689 1486 sic
1710 1422 1916 1486 concluditur:
1945 1423 1999 1484 Ar-

300 1565 358 1626 que
376 1545 431 1606 illo
453 1543 500 1606 die
522 1543 657 1623 cognovi,
672 1545 772 1624 paulo
788 1543 896 1624 plures
915 1545 949 1604 tn
968 1548 1078 1603 teratu
1097 1541 1259 1604 malevolos
1277 1559 1337 1602 aare
1357 1561 1449 1621 quum
1468 1549 1584 1622 grator,
1609 1541 1639 1604 in
1652 1541 1760 1623 quibus
1767 1541 1830 1618 jam
1844 1539 1999 1603 Ernestius

302 1663 433 1726 offensus
454 1660 632 1722 emendabat
649 1661 747 1722 multo
762 1661 878 1741 plures.
920 1659 998 1722 Nam
1017 1659 1096 1722 idern
1119 1657 1228 1722 dicitur
1240 1658 1321 1740 quod
1341 1657 1501 1739 lultsupra
1519 1660 1625 1722 ll'erer'o
1636 1657 2000 1740 qtmmodoseriliurete,

300 1789 372 1862 post
389 1779 544 1842 victoriam
567 1785 697 1840 mutatos
716 1795 783 1839 esse
802 1777 954 1840 bominum
978 1778 1093 1840 animos
1121 1785 1152 1840 et
1180 1797 1248 1840 cnm
1277 1777 1378 1840 omnia
1404 1783 1491 1839 antea
1519 1777 1740 1841 concessissent
1761 1775 2000 1858 imperatoribus,

301 1905 372 1962 tnnc
394 1897 525 1960 voluisse
548 1917 635 1979 quam
658 1895 784 1957 nrinima.
823 1895 864 1958 At
876 1898 976 1976 paulo
994 1895 1102 1976 pluras
1122 1901 1193 1958 sunt
1221 1913 1286 1956 noer
1306 1893 1526 1974 multoplures
1548 1895 1567 1956 i.
1586 1915 1612 1957 c.
1634 1894 1714 1956 idem
1733 1911 1831 1974 prope
1850 1912 2001 1956 numerus.

302 2021 403 2099 Quare
424 2033 491 2078 csse
513 2015 673 2096 oportebat
696 2018 754 2088 rut,
776 2011 858 2094 quod
879 2013 1034 2076 Ernestius
1056 2011 1186 2089 volebat,
1205 2012 1424 2092 multoplures
1444 2017 1496 2074 aut
1516 2013 1678 2093 cle'qurrrrto
1694 2013 1808 2093 plures.

427 2135 505 2196 Turn
526 2132 635 2194 dicitur
657 2131 694 2192 dc
715 2129 844 2194 aliorum
865 2130 1047 2193 bonoribus:
1064 2133 1124 2193 an
1138 2149 1196 2211 per
1213 2132 1293 2211 space
1315 2130 1378 2192 ds'er
1400 2129 1430 2208 (i.
1442 2149 1468 2193 e.
1491 2148 1545 2191 eos
1567 2130 1618 2212 qni
1640 2131 1737 2194 secuti
1753 2137 1824 2194 sunt
1847 2131 2002 2195 victoriam

302 2252 516 2330 Mutinensem)
532 2248 637 2330 effudi
655 2251 699 2327 (ri
716 2250 763 2310 iter
786 2251 847 2329 orb)
874 2247 1000 2310 bonores
1029 2249 1065 2310 in
1083 2256 1229 2324 mortuos,
1259 2249 1401 2310 Hirtium
1427 2256 1457 2310 et
1474 2249 1621 2324 Pansam,
1652 2249 1797 2328 Aquilam
1818 2251 1920 2312 etium.
1957 2249 2003 2312 Ex

304 2371 340 2434 iis
358 2370 487 2454 quidem,
509 2369 559 2452 qui
582 2367 671 2430 nobis
692 2372 861 2447 supersunt,
880 2365 1080 2447 scriptoribus
1100 2365 1174 2428 nihil
1197 2371 1301 2428 uotum
1319 2373 1366 2428 est
1385 2366 1423 2428 de
1443 2365 1559 2430 eximiis
1584 2365 1750 2430 bonoribus
1768 2367 1864 2430 llirtio
1885 2375 1914 2430 et
1929 2369 2005 2430 Pan-

279 2507 356 2572 sae
377 2487 503 2549 tributis.
547 2491 685 2567 Quorum
718 2504 848 2566 corpora
883 2505 951 2546 cum
974 2485 1155 2548 Octavianus
1185 2455 1311 2546 Romam
1340 2483 1469 2546 misisset
1500 2485 1590 2566 (App.
1608 2484 1677 2547 bell.
1700 2484 1756 2547 civ.
1776 2487 1805 2561 3,
1829 2487 1894 2566 76),
1928 2487 2005 2549 elatu

305 2611 375 2668 sunt
398 2605 502 2666 funere
534 2603 673 2686 publico,
704 2611 736 2666 ut
762 2609 909 2684 parerat.
957 2604 1034 2666 Vide
1065 2605 1128 2666 Liv.
1157 2603 1228 2684 epit.
1249 2599 1318 2664 libr.
1342 2605 1410 2680 119,
1440 2603 1545 2684 Vellej.
1568 2607 1597 2682 2,
1622 2606 1671 2666 bl.
1721 2603 1860 2666 Pontium
1883 2605 2004 2686 quidem

305 2720 453 2804 Aquilam,
475 2723 524 2804 qni
545 2741 599 2784 suc
621 2724 748 2804 pecunia
770 2723 806 2784 D.
815 2725 941 2786 llrutum
961 2723 1000 2784 ad
1019 2721 1234 2784 conducendos
1254 2719 1362 2782 milites
1379 2719 1541 2800 adjuverat,
1563 2743 1632 2785 curn
1654 2725 1684 2785 in
1704 2722 1822 2805 proelio
1843 2722 2006 2787 Mutinensi

308 2839 474 2916 cecidisset,
494 2849 649 2920 praeterea
667 2841 807 2904 columna
825 2842 1005 2904 honoratum
1028 2858 1094 2902 esse
1118 2845 1220 2901 uenat
1246 2837 1305 2901 Dio
1323 2837 1407 2902 Cass.
1434 2837 1502 2901 libr.
1521 2841 1570 2916 lb,
1593 2843 1642 2904 db.
1682 2841 1773 2904 Aliud
1792 2841 1864 2904 nibil
1885 2841 2006 2920 scimus,

308 2960 337 3022 ln
358 2979 419 3042 quo
439 2958 544 3020 effusio
569 2959 718 3020 bonorum
740 2959 822 3020 cerni
842 2959 948 3039 possit.
988 2958 1087 3040 Atque
1110 2955 1225 3019 etiamsi
1253 2954 1365 3038 aliquid
1386 2975 1525 3038 magnum
1545 2959 1591 3020 lris
1613 2968 1692 3021 esset
1718 2959 1871 3035 tributum,
1890 2981 1945 3024 cur
1964 2961 2008 3024 vi·

309 3081 463 3157 tuperaret
482 3095 517 3137 ee
535 3075 575 3138 M.
597 3078 718 3152 Brutus,
738 3095 813 3157 quae
834 3076 864 3138 in
883 3093 1004 3139 suarum
1022 3075 1151 3156 partium
1175 3074 1277 3138 socios
1298 3077 1344 3154 (et
1363 3073 1475 3158 Aquilo
1497 3077 1593 3138 luerat
1613 3075 1690 3138 adeo
1719 3075 1796 3138 inter
1817 3079 2006 3160 conjuratos)

309 3193 519 3257 conferrentur
534 3193 585 3272 ¹)?
624 3193 760 3276 Denique
788 3214 846 3278 quc
872 3193 991 3256 tendent
1017 3192 1132 3256 ratione
1159 3193 1267 3256 nimios
1298 3193 1365 3256 illos
1394 3195 1525 3258 bonores
1555 3193 1665 3256 Cicero
1692 3194 1751 3256 boc
1771 3193 1843 3258 loco
1864 3201 2008 3262 excusat?

309 3312 460 3374 Videlicet
480 3310 582 3372 eadem
604 3310 822 3388 declamatoria,
846 3332 904 3394 qua
925 3331 999 3374 usus
1021 3309 1085 3374 erat
1105 3331 1205 3392 supra,
1234 3309 1316 3393 quod
1337 3311 1467 3374 voluerit
1487 3313 1523 3373 in
1545 3311 1766 3374 crudelissimos
1786 3313 1881 3376 horter
1902 3321 2008 3377 ertore

309 3437 507 3492 monumenta
534 3430 600 3492 odii
620 3427 737 3510 pcdlrcr
766 3433 958 3510 sempeterna,
992 3449 1068 3512 quae
1095 3451 1184 3512 quam
1209 3449 1272 3492 non
1297 3431 1420 3492 ferenda
1440 3431 1478 3492 sit
1499 3429 1530 3491 in
1552 3430 1610 3494 boc
1633 3429 1828 3511 epistolarum
1847 3451 1956 3513 genere
1979 3441 2009 3496 et

310 3548 348 3609 ed
366 3547 501 3624 Brutum,
519 3549 582 3626 jam
604 3547 714 3610 dictum
732 3555 785 3609 est.

436 3665 561 3730 Reditur
591 3667 630 3729 ad
652 3665 856 3742 Octavianum,
886 3664 1025 3728 nimirum
1058 3671 1092 3727 ut
1113 3666 1189 3728 ordo
1217 3667 1362 3747 temporis
1387 3666 1417 3728 in
1445 3665 1611 3728 bonoribus
1643 3664 1838 3728 decernendis
1863 3674 2007 3731 servetur.

310 3781 467 3862 Surpreor,
487 3785 570 3846 ittet
589 3786 692 3844 minus
713 3781 769 3844 retr·
785 3781 916 3863 probari
935 3815 975 3830 -·
998 3783 1135 3864 produt
1157 3786 1265 3846 ovanti
1283 3786 1414 3846 introire
1436 3783 1562 3848 Caesen·
1584 3785 1695 3862 liceret,
1716 3785 1904 3848 decreverim.
1945 3787 2010 3850 No-

311 3919 381 3961 vum
403 3900 470 3977 boc,
502 3899 583 3981 qnod
610 3901 773 3964 Octaviano
800 3921 818 3962 a
847 3900 995 3964 Cicerone
1020 3903 1121 3964 ovatio
1143 3901 1264 3964 decreto
1285 3921 1353 3964 esse
1375 3901 1492 3977 dicitur,
1526 3921 1584 3964 nec
1613 3910 1712 3964 tamen
1738 3903 1895 3980 ejusmodi,
1928 3905 2010 3986 quod

311 4017 470 4098 probabde
495 4017 542 4080 sit.
594 4017 667 4080 Non
689 4019 781 4080 credo
810 4017 948 4100 equidem
975 4021 1159 4096 Drumauno,
1190 4023 1242 4102 qui
1272 4019 1303 4081 in
1325 4019 1448 4082 historia
1467 4019 1601 4082 Romane
1623 4021 1712 4098 liujus
1734 4023 1878 4100 temporis
1900 4021 2010 4085 Partl

312 4155 343 4216 p.
364 4135 434 4212 390,
454 4135 563 4216 spretis
582 4136 807 4198 auctoritatibus
831 4135 907 4198 Livii
931 4136 1012 4216 (epit.
1033 4137 1099 4202 libr.
1124 4139 1208 4217 119),
1228 4137 1335 4216 Vellej.
1355 4141 1383 4212 2,
1404 4140 1454 4215 bt,
1474 4137 1580 4202 Dionis
1604 4141 1653 4214 lb,
1675 4140 1723 4214 db,
1743 4137 1879 4202 Zonaras
1900 4143 1947 4218 10,
1971 4143 2008 4204 15

313 4254 459 4335 negati).
481 4255 576 4315 Bruto
598 4253 779 4332 triumphum
799 4273 865 4316 esse
885 4253 1038 4316 decretum
1062 4275 1080 4317 a
1099 4265 1212 4319 senatu.
1254 4256 1412 4318 Probabile
1434 4263 1486 4334 est,
1509 4277 1575 4318 cum
1594 4257 1758 4318 Antonium
1776 4257 1923 4321 subletum
1944 4279 2011 4323 esse

315 4372 460 4447 crederet,
484 4378 620 4432 senatum
643 4371 673 4431 in
696 4371 831 4434 ornando
854 4373 891 4434 D.
911 4373 1006 4434 Bruto
1028 4392 1064 4435 eo
1081 4374 1277 4456 processisse,
1300 4383 1334 4436 ut
1355 4373 1382 4436 ei
1404 4393 1549 4437 summum
1570 4371 1713 4438 bellicum
1736 4373 1881 4439 bonorem
1904 4395 2011 4440 conce-

315 4490 413 4566 deret,
443 4489 619 4570 praesertim
649 4509 716 4552 cum
749 4489 881 4567 ejusdem
915 4489 1035 4552 nomine
1064 4492 1214 4555 decretam
1243 4511 1309 4555 esse
1338 4492 1586 4573 supplicationem
1618 4498 1735 4554 constet
1760 4512 1797 4554 ex
1831 4495 1893 4558 Cic.
1917 4494 2010 4574 Epist.

318 4610 367 4682 11,
384 4610 430 4672 18.
472 4607 512 4670 At
536 4605 692 4668 Octaviani
715 4625 824 4669 nomen
844 4606 944 4670 deerat
965 4607 996 4669 in
1016 4608 1071 4672 bac
1094 4609 1319 4692 supplicatione,
1342 4618 1372 4672 et
1393 4611 1583 4675 consentiunt
1604 4629 1707 4672 omnes
1731 4620 1870 4675 auctores
1890 4613 2012 4678 Caesari

320 4765 518 4780 m

469 4855 497 4925 1)
519 4859 598 4908 Recte
616 4859 706 4907 autem
724 4855 833 4906 Orelltus
853 4857 879 4906 in
897 4858 936 4920 iis,
958 4872 1027 4924 quac
1048 4863 1204 4923 sequuntur,
1226 4860 1334 4924 corrigit
1351 4859 1515 4940 reprehendet
1532 4873 1581 4924 pro
1599 4873 1637 4924 ec,
1660 4861 1732 4926 quod
1753 4863 1795 4912 est
1810 4837 1978 4926 reprehendet.
