<?xml version="1.0" encoding="UTF-8"?>
<!DOCTYPE html PUBLIC "-//W3C//DTD XHTML 1.0 Transitional//EN"
    "http://www.w3.org/TR/xhtml1/DTD/xhtml1-transitional.dtd">
<html xmlns="http://www.w3.org/1999/xhtml" xml:lang="en" lang="en">
 <head>
  <title>
</title>
<meta http-equiv="Content-Type" content="text/html;charset=utf-8" />
  <meta name='ocr-system' content='tesseract 3.04.00' />
  <meta name='ocr-capabilities' content='ocr_page ocr_carea ocr_par ocr_line ocrx_word'/>
</head>
<body>
  <div class='ocr_page' id='page_1' title='image "./demtulliicicero00zumpgoog_0012.png"; bbox 0 0 4650 5882; ppageno 0'>
   <div class='ocr_carea' id='block_1_1' title="bbox 1134 631 1159 704">
    <p class='ocr_par' dir='ltr' id='par_1_1' title="bbox 1134 631 1159 704">
     <span class='ocr_line' id='line_1_1' title="bbox 1134 631 1159 704; baseline 0 -6"><span class='ocrx_word' id='word_1_1' title='bbox 1134 631 1159 704; x_wconf 79' lang='lat'><strong>3</strong></span> 
     </span>
    </p>
   </div>
   <div class='ocr_carea' id='block_1_2' title="bbox 287 821 1998 1622">
    <p class='ocr_par' dir='ltr' id='par_1_2' title="bbox 287 821 1998 1622">
     <span class='ocr_line' id='line_1_2' title="bbox 297 821 1998 911; baseline 0.001 -23"><span class='ocrx_word' id='word_1_2' title='bbox 297 829 329 888; x_wconf 92' lang='lat' dir='ltr'>et</span> <span class='ocrx_word' id='word_1_3' title='bbox 347 843 449 888; x_wconf 86' lang='lat' dir='ltr'>rerum</span> <span class='ocrx_word' id='word_1_4' title='bbox 467 830 497 888; x_wconf 87' lang='lat' dir='ltr'>et</span> <span class='ocrx_word' id='word_1_5' title='bbox 516 821 665 888; x_wconf 87' lang='lat' dir='ltr'>sermonis</span> <span class='ocrx_word' id='word_1_6' title='bbox 684 823 757 888; x_wconf 79' lang='lat' dir='ltr'>uitia</span> <span class='ocrx_word' id='word_1_7' title='bbox 776 824 1046 906; x_wconf 85' lang='lat' dir='ltr'>deprebendebem,</span> <span class='ocrx_word' id='word_1_8' title='bbox 1072 826 1210 890; x_wconf 89' lang='lat' dir='ltr'>dubitare</span> <span class='ocrx_word' id='word_1_9' title='bbox 1237 845 1328 907; x_wconf 88' lang='lat' dir='ltr'>saepe</span> <span class='ocrx_word' id='word_1_10' title='bbox 1350 826 1496 905; x_wconf 80' lang='lat' dir='ltr'><strong>solebam,</strong></span> <span class='ocrx_word' id='word_1_11' title='bbox 1517 847 1555 890; x_wconf 89' lang='lat' dir='ltr'>an</span> <span class='ocrx_word' id='word_1_12' title='bbox 1578 825 1769 892; x_wconf 76' lang='lat' dir='ltr'>simulatione</span> <span class='ocrx_word' id='word_1_13' title='bbox 1788 829 1915 911; x_wconf 86' lang='lat' dir='ltr'>quadam</span> <span class='ocrx_word' id='word_1_14' title='bbox 1935 833 1998 890; x_wconf 88' lang='lat' dir='ltr'>ute-</span> 
     </span>
     <span class='ocr_line' id='line_1_3' title="bbox 295 941 1997 1026; baseline 0.002 -22"><span class='ocrx_word' id='word_1_15' title='bbox 295 950 382 1006; x_wconf 81' lang='lat' dir='ltr'>retur</span> <span class='ocrx_word' id='word_1_16' title='bbox 400 943 448 1006; x_wconf 86' lang='lat' dir='ltr'>vir</span> <span class='ocrx_word' id='word_1_17' title='bbox 463 941 662 1006; x_wconf 82' lang='lat' dir='ltr'>doctissimus</span> <span class='ocrx_word' id='word_1_18' title='bbox 698 941 807 1026; x_wconf 86' lang='lat' dir='ltr'>Neque</span> <span class='ocrx_word' id='word_1_19' title='bbox 829 941 907 1006; x_wconf 88' lang='lat' dir='ltr'>enim</span> <span class='ocrx_word' id='word_1_20' title='bbox 929 963 1054 1025; x_wconf 87' lang='lat' dir='ltr'>usquam</span> <span class='ocrx_word' id='word_1_21' title='bbox 1074 946 1134 1007; x_wconf 90' lang='lat' dir='ltr'>hoc</span> <span class='ocrx_word' id='word_1_22' title='bbox 1158 945 1238 1020; x_wconf 89' lang='lat' dir='ltr'>dicit,</span> <span class='ocrx_word' id='word_1_23' title='bbox 1257 963 1345 1008; x_wconf 86' lang='lat' dir='ltr'>veras</span> <span class='ocrx_word' id='word_1_24' title='bbox 1365 944 1431 1006; x_wconf 87' lang='lat' dir='ltr'>illes</span> <span class='ocrx_word' id='word_1_25' title='bbox 1454 945 1511 1006; x_wconf 91' lang='lat' dir='ltr'>sibi</span> <span class='ocrx_word' id='word_1_26' title='bbox 1531 945 1626 1008; x_wconf 91' lang='lat' dir='ltr'>videri</span> <span class='ocrx_word' id='word_1_27' title='bbox 1646 947 1686 1008; x_wconf 88' lang='lat' dir='ltr'>M.</span> <span class='ocrx_word' id='word_1_28' title='bbox 1698 945 1790 1008; x_wconf 75' lang='lat' dir='ltr'>Tullii</span> <span class='ocrx_word' id='word_1_29' title='bbox 1809 952 1839 1008; x_wconf 86' lang='lat' dir='ltr'>et</span> <span class='ocrx_word' id='word_1_30' title='bbox 1856 946 1896 1010; x_wconf 89' lang='grc' dir='ltr'>Μ.</span> <span class='ocrx_word' id='word_1_31' title='bbox 1911 946 1997 1008; x_wconf 88' lang='lat' dir='ltr'>Bruti</span> 
     </span>
     <span class='ocr_line' id='line_1_4' title="bbox 295 1051 1998 1146; baseline 0.001 -22"><span class='ocrx_word' id='word_1_32' title='bbox 295 1060 446 1142; x_wconf 80' lang='lat' dir='ltr'>epistolas.</span> <span class='ocrx_word' id='word_1_33' title='bbox 489 1059 550 1143; x_wconf 79' lang='lat' dir='ltr'>Qui</span> <span class='ocrx_word' id='word_1_34' title='bbox 572 1060 624 1123; x_wconf 91' lang='lat' dir='ltr'>ubi</span> <span class='ocrx_word' id='word_1_35' title='bbox 644 1081 663 1121; x_wconf 87' lang='lat' dir='ltr'>a</span> <span class='ocrx_word' id='word_1_36' title='bbox 680 1059 831 1141; x_wconf 82' lang='lat' dir='ltr'>principio</span> <span class='ocrx_word' id='word_1_37' title='bbox 853 1059 947 1124; x_wconf 83' lang='lat' dir='ltr'>midte</span> <span class='ocrx_word' id='word_1_38' title='bbox 976 1068 1099 1144; x_wconf 78' lang='lat' dir='ltr'>quesbus</span> <span class='ocrx_word' id='word_1_39' title='bbox 1126 1069 1173 1124; x_wconf 87' lang='lat' dir='ltr'>est</span> <span class='ocrx_word' id='word_1_40' title='bbox 1193 1063 1232 1124; x_wconf 88' lang='lat' dir='ltr'>de</span> <span class='ocrx_word' id='word_1_41' title='bbox 1256 1061 1364 1142; x_wconf 88' lang='lat' dir='ltr'>injuria</span> <span class='ocrx_word' id='word_1_42' title='bbox 1384 1060 1551 1142; x_wconf 83' lang='lat' dir='ltr'>Anglornm</span> <span class='ocrx_word' id='word_1_43' title='bbox 1572 1051 1803 1146; x_wconf 81' lang='lat' dir='ltr'>deque&#39;injuste</span> <span class='ocrx_word' id='word_1_44' title='bbox 1828 1069 1998 1126; x_wconf 83' lang='lat' dir='ltr'>eeteromm</span> 
     </span>
     <span class='ocr_line' id='line_1_5' title="bbox 294 1175 1997 1260; baseline 0 -18"><span class='ocrx_word' id='word_1_45' title='bbox 294 1176 427 1242; x_wconf 86' lang='lat' dir='ltr'>virorum</span> <span class='ocrx_word' id='word_1_46' title='bbox 450 1179 611 1242; x_wconf 87' lang='lat' dir='ltr'>doctorum</span> <span class='ocrx_word' id='word_1_47' title='bbox 633 1175 866 1259; x_wconf 66' lang='lat' dir='ltr'>contemptione,</span> <span class='ocrx_word' id='word_1_48' title='bbox 886 1177 931 1240; x_wconf 82' lang='lat' dir='ltr'>sic</span> <span class='ocrx_word' id='word_1_49' title='bbox 951 1179 1051 1260; x_wconf 85' lang='lat' dir='ltr'>pergit</span> <span class='ocrx_word' id='word_1_50' title='bbox 1069 1199 1098 1260; x_wconf 94' lang='lat' dir='ltr'>p.</span> <span class='ocrx_word' id='word_1_51' title='bbox 1121 1181 1157 1241; x_wconf 89' lang='lat'>5:</span> <span class='ocrx_word' id='word_1_52' title='bbox 1194 1181 1280 1250; x_wconf 79' lang='lat' dir='ltr'>Quae</span> <span class='ocrx_word' id='word_1_53' title='bbox 1299 1199 1371 1241; x_wconf 80' lang='lat' dir='ltr'>crem</span> <span class='ocrx_word' id='word_1_54' title='bbox 1391 1181 1437 1242; x_wconf 83' lang='lat' dir='ltr'>ita</span> <span class='ocrx_word' id='word_1_55' title='bbox 1458 1180 1529 1256; x_wconf 81' lang='lat' dir='ltr'>sini,</span> <span class='ocrx_word' id='word_1_56' title='bbox 1552 1187 1687 1260; x_wconf 83' lang='lat' dir='ltr'>quantae</span> <span class='ocrx_word' id='word_1_57' title='bbox 1705 1183 1791 1244; x_wconf 84' lang='lat' dir='ltr'>oleae</span> <span class='ocrx_word' id='word_1_58' title='bbox 1807 1199 1883 1260; x_wconf 78' lang='lat' dir='ltr'>epar</span> <span class='ocrx_word' id='word_1_59' title='bbox 1901 1181 1997 1242; x_wconf 79' lang='lat' dir='ltr'>resei-</span> 
     </span>
     <span class='ocr_line' id='line_1_6' title="bbox 287 1296 1996 1378; baseline 0 -20"><span class='ocrx_word' id='word_1_60' title='bbox 287 1296 369 1378; x_wconf 77' lang='lat' dir='ltr'>pt&#39;at,</span> <span class='ocrx_word' id='word_1_61' title='bbox 389 1297 418 1358; x_wconf 83' lang='lat' dir='ltr'>ri</span> <span class='ocrx_word' id='word_1_62' title='bbox 437 1298 505 1378; x_wconf 75' lang='lat' dir='ltr'>qre&#39;e</span> <span class='ocrx_word' id='word_1_63' title='bbox 523 1303 593 1376; x_wconf 84' lang='lat' dir='ltr'>poet</span> <span class='ocrx_word' id='word_1_64' title='bbox 612 1302 657 1358; x_wconf 87' lang='lat' dir='ltr'>tot</span> <span class='ocrx_word' id='word_1_65' title='bbox 679 1302 896 1376; x_wconf 72' lang='lat' dir='ltr'>tantorumque</span> <span class='ocrx_word' id='word_1_66' title='bbox 911 1297 1074 1358; x_wconf 70' lang='lat' dir='ltr'>mmmmm</span> <span class='ocrx_word' id='word_1_67' title='bbox 1093 1296 1218 1377; x_wconf 90' lang='grc' dir='ltr'><em>Μίσία</em></span> <span class='ocrx_word' id='word_1_68' title='bbox 1238 1315 1301 1358; x_wconf 85' lang='lat' dir='ltr'>non</span> <span class='ocrx_word' id='word_1_69' title='bbox 1322 1315 1410 1358; x_wconf 81' lang='lat' dir='ltr'>reum</span> <span class='ocrx_word' id='word_1_70' title='bbox 1430 1299 1573 1377; x_wconf 78' lang='lat' dir='ltr'>aliquem,</span> <span class='ocrx_word' id='word_1_71' title='bbox 1594 1297 1647 1359; x_wconf 84' lang='lat' dir='ltr'>red</span> <span class='ocrx_word' id='word_1_72' title='bbox 1665 1296 1849 1360; x_wconf 65' lang='lat' dir='ltr'>mucium</span> <span class='ocrx_word' id='word_1_73' title='bbox 1875 1305 1904 1360; x_wconf 92' lang='lat' dir='ltr'>et</span> <span class='ocrx_word' id='word_1_74' title='bbox 1926 1305 1996 1358; x_wconf 85' lang='lat' dir='ltr'>tan-</span> 
     </span>
     <span class='ocr_line' id='line_1_7' title="bbox 294 1393 1997 1496; baseline 0.001 -22"><span class='ocrx_word' id='word_1_75' title='bbox 294 1419 362 1476; x_wconf 74' lang='lat' dir='ltr'>tem</span> <span class='ocrx_word' id='word_1_76' title='bbox 382 1433 446 1476; x_wconf 87' lang='lat' dir='ltr'>non</span> <span class='ocrx_word' id='word_1_77' title='bbox 463 1421 597 1476; x_wconf 72' lang='lat' dir='ltr'>exirem</span> <span class='ocrx_word' id='word_1_78' title='bbox 617 1393 767 1494; x_wconf 74' lang='lat' dir='ltr'>repplr‘cm</span> <span class='ocrx_word' id='word_1_79' title='bbox 795 1411 947 1494; x_wconf 70' lang='lat' dir='ltr'>effectum</span> <span class='ocrx_word' id='word_1_80' title='bbox 974 1411 1088 1476; x_wconf 78' lang='lat' dir='ltr'>librum</span> <span class='ocrx_word' id='word_1_81' title='bbox 1113 1413 1278 1496; x_wconf 76' lang='lat' dir='ltr'>defendere</span> <span class='ocrx_word' id='word_1_82' title='bbox 1306 1413 1428 1494; x_wconf 69' lang='lat' dir='ltr'>mireque</span> <span class='ocrx_word' id='word_1_83' title='bbox 1455 1417 1671 1476; x_wconf 81' lang='lat' dir='ltr'>anctoritatem</span> <span class='ocrx_word' id='word_1_84' title='bbox 1699 1415 1784 1476; x_wconf 81' lang='lat' dir='ltr'>uelat</span> <span class='ocrx_word' id='word_1_85' title='bbox 1804 1415 1997 1496; x_wconf 74' lang='lat' dir='ltr'>postliminio</span> 
     </span>
     <span class='ocr_line' id='line_1_8' title="bbox 293 1529 1996 1622; baseline 0 -30"><span class='ocrx_word' id='word_1_86' title='bbox 293 1530 436 1592; x_wconf 79' lang='lat' dir='ltr'>reducere</span> <span class='ocrx_word' id='word_1_87' title='bbox 454 1538 589 1608; x_wconf 77' lang='lat' dir='ltr'>conetur,</span> <span class='ocrx_word' id='word_1_88' title='bbox 611 1529 699 1594; x_wconf 78' lang='lat' dir='ltr'>laud</span> <span class='ocrx_word' id='word_1_89' title='bbox 716 1549 765 1594; x_wconf 86' lang='lat' dir='ltr'>me</span> <span class='ocrx_word' id='word_1_90' title='bbox 774 1529 881 1611; x_wconf 81' lang='lat' dir='ltr'>fugit.</span> <span class='ocrx_word' id='word_1_91' title='bbox 924 1531 991 1593; x_wconf 85' lang='lat' dir='ltr'>lam</span> <span class='ocrx_word' id='word_1_92' title='bbox 1021 1537 1138 1594; x_wconf 86' lang='lat' dir='ltr'>eertum</span> <span class='ocrx_word' id='word_1_93' title='bbox 1164 1530 1288 1614; x_wconf 87' lang='lat' dir='ltr'>aliquod</span> <span class='ocrx_word' id='word_1_94' title='bbox 1312 1530 1461 1609; x_wconf 89' lang='lat' dir='ltr'>judicium</span> <span class='ocrx_word' id='word_1_95' title='bbox 1489 1532 1590 1622; x_wconf 86' lang='lat' dir='ltr'>possis</span> <span class='ocrx_word' id='word_1_96' title='bbox 1611 1539 1788 1611; x_wconf 74' lang='lat' dir='ltr'>expectere:</span> <span class='ocrx_word' id='word_1_97' title='bbox 1809 1551 1914 1594; x_wconf 85' lang='lat' dir='ltr'>verum</span> <span class='ocrx_word' id='word_1_98' title='bbox 1937 1531 1996 1594; x_wconf 90' lang='lat' dir='ltr'>huc</span> 
     </span>
    </p>
   </div>
   <div class='ocr_carea' id='block_1_3' title="bbox 295 1646 2112 1730">
    <p class='ocr_par' dir='ltr' id='par_1_3' title="bbox 295 1646 2112 1730">
     <span class='ocr_line' id='line_1_9' title="bbox 295 1646 2112 1730; baseline -0.002 -20"><span class='ocrx_word' id='word_1_99' title='bbox 295 1646 412 1710; x_wconf 88' lang='lat' dir='ltr'>devenit</span> <span class='ocrx_word' id='word_1_100' title='bbox 433 1648 542 1726; x_wconf 85' lang='lat' dir='ltr'>oratio,</span> <span class='ocrx_word' id='word_1_101' title='bbox 560 1654 595 1712; x_wconf 87' lang='lat' dir='ltr'>ut</span> <span class='ocrx_word' id='word_1_102' title='bbox 615 1649 690 1712; x_wconf 77' lang='lat' dir='ltr'>liaeo</span> <span class='ocrx_word' id='word_1_103' title='bbox 712 1647 849 1710; x_wconf 82' lang='lat' dir='ltr'>dicantur</span> <span class='ocrx_word' id='word_1_104' title='bbox 866 1667 896 1728; x_wconf 89' lang='lat' dir='ltr'>p.</span> <span class='ocrx_word' id='word_1_105' title='bbox 917 1649 952 1712; x_wconf 82' lang='lat'>6:</span> <span class='ocrx_word' id='word_1_106' title='bbox 981 1648 1075 1728; x_wconf 78' lang='lat' dir='ltr'>nefas</span> <span class='ocrx_word' id='word_1_107' title='bbox 1084 1648 1166 1730; x_wconf 87' lang='lat' dir='ltr'>fore</span> <span class='ocrx_word' id='word_1_108' title='bbox 1185 1649 1272 1724; x_wconf 74' lang='lat' dir='ltr'>dant,</span> <span class='ocrx_word' id='word_1_109' title='bbox 1299 1649 1365 1708; x_wconf 68' lang='lat' dir='ltr'>nm</span> <span class='ocrx_word' id='word_1_110' title='bbox 1384 1647 1542 1710; x_wconf 78' lang='lat' dir='ltr'>doctmrem</span> <span class='ocrx_word' id='word_1_111' title='bbox 1567 1650 1670 1712; x_wconf 82' lang='lat' dir='ltr'>oeulos</span> <span class='ocrx_word' id='word_1_112' title='bbox 1689 1650 1857 1729; x_wconf 73' lang='lat' dir='ltr'>aliquando</span> <span class='ocrx_word' id='word_1_113' title='bbox 1879 1649 1924 1712; x_wconf 82' lang='lat' dir='ltr'>ad</span> <span class='ocrx_word' id='word_1_114' title='bbox 1939 1649 1996 1710; x_wconf 87' lang='lat' dir='ltr'>mi·</span> <span class='ocrx_word' id='word_1_115' title='bbox 2108 1699 2112 1708; x_wconf 85' lang='lat'>.</span> 
     </span>
    </p>
   </div>
   <div class='ocr_carea' id='block_1_4' title="bbox 291 1765 1995 1966">
    <p class='ocr_par' dir='ltr' id='par_1_4' title="bbox 291 1765 1995 1966">
     <span class='ocr_line' id='line_1_10' title="bbox 292 1765 1995 1848; baseline 0 -20"><span class='ocrx_word' id='word_1_116' title='bbox 292 1783 392 1828; x_wconf 73' lang='lat' dir='ltr'>mmm</span> <span class='ocrx_word' id='word_1_117' title='bbox 410 1767 531 1830; x_wconf 75' lang='lat' dir='ltr'>candeat</span> <span class='ocrx_word' id='word_1_118' title='bbox 548 1785 731 1828; x_wconf 76' lang='lat' dir='ltr'>revocassem</span> <span class='ocrx_word' id='word_1_119' title='bbox 751 1767 985 1846; x_wconf 71' lang='lat' dir='ltr'>instauratoque</span> <span class='ocrx_word' id='word_1_120' title='bbox 993 1765 1113 1848; x_wconf 78' lang='grc' dir='ltr'><em>Μασία</em></span> <span class='ocrx_word' id='word_1_121' title='bbox 1126 1766 1209 1829; x_wconf 79' lang='lat' dir='ltr'>allud</span> <span class='ocrx_word' id='word_1_122' title='bbox 1221 1773 1300 1828; x_wconf 86' lang='lat' dir='ltr'>cerie</span> <span class='ocrx_word' id='word_1_123' title='bbox 1317 1766 1481 1844; x_wconf 68' lang='lat' dir='ltr'>deceptam</span> <span class='ocrx_word' id='word_1_124' title='bbox 1489 1767 1651 1847; x_wconf 64' lang='lat' dir='ltr'>flantem,</span> <span class='ocrx_word' id='word_1_125' title='bbox 1663 1786 1742 1828; x_wconf 84' lang='lat' dir='ltr'>num</span> <span class='ocrx_word' id='word_1_126' title='bbox 1753 1785 1789 1828; x_wconf 86' lang='lat' dir='ltr'>ea</span> <span class='ocrx_word' id='word_1_127' title='bbox 1799 1773 1995 1846; x_wconf 75' lang='lat' dir='ltr'>argumenta,</span> 
     </span>
     <span class='ocr_line' id='line_1_11' title="bbox 291 1880 1995 1966; baseline 0 -20"><span class='ocrx_word' id='word_1_128' title='bbox 291 1880 400 1962; x_wconf 73' lang='lat' dir='ltr'>qaum</span> <span class='ocrx_word' id='word_1_129' title='bbox 421 1885 501 1946; x_wconf 65' lang='lat' dir='ltr'>artri</span> <span class='ocrx_word' id='word_1_130' title='bbox 520 1886 647 1948; x_wconf 72' lang='lat' dir='ltr'>criticae</span> <span class='ocrx_word' id='word_1_131' title='bbox 663 1891 729 1946; x_wconf 74' lang='lat' dir='ltr'>bem</span> <span class='ocrx_word' id='word_1_132' title='bbox 748 1901 866 1945; x_wconf 76' lang='lat' dir='ltr'>aurora</span> <span class='ocrx_word' id='word_1_133' title='bbox 882 1889 1027 1946; x_wconf 80' lang='lat' dir='ltr'>contenta</span> <span class='ocrx_word' id='word_1_134' title='bbox 1039 1884 1125 1966; x_wconf 78' lang='lat' dir='ltr'>fuit,</span> <span class='ocrx_word' id='word_1_135' title='bbox 1146 1883 1237 1965; x_wconf 76' lang='lat' dir='ltr'>infra</span> <span class='ocrx_word' id='word_1_136' title='bbox 1249 1901 1365 1964; x_wconf 80' lang='lat' dir='ltr'>quoqne</span> <span class='ocrx_word' id='word_1_137' title='bbox 1379 1885 1489 1944; x_wconf 69' lang='lat' dir='ltr'>aelami</span> <span class='ocrx_word' id='word_1_138' title='bbox 1499 1883 1690 1946; x_wconf 74' lang='lat' dir='ltr'>meridianae</span> <span class='ocrx_word' id='word_1_139' title='bbox 1702 1885 1769 1946; x_wconf 81' lang='lat' dir='ltr'>larci</span> <span class='ocrx_word' id='word_1_140' title='bbox 1778 1884 1944 1966; x_wconf 79' lang='lat' dir='ltr'>sufficiant</span> <span class='ocrx_word' id='word_1_141' title='bbox 1957 1883 1995 1963; x_wconf 75' lang='lat'>¹).</span> 
     </span>
    </p>
   </div>
   <div class='ocr_carea' id='block_1_5' title="bbox 292 1999 2114 2087">
    <p class='ocr_par' dir='ltr' id='par_1_5' title="bbox 292 1999 2114 2087">
     <span class='ocr_line' id='line_1_12' title="bbox 292 1999 2114 2087; baseline -0.001 -25"><span class='ocrx_word' id='word_1_142' title='bbox 292 2001 517 2064; x_wconf 66' lang='lat' dir='ltr'>potestantem</span> <span class='ocrx_word' id='word_1_143' title='bbox 539 2001 612 2078; x_wconf 83' lang='lat' dir='ltr'>fieri,</span> <span class='ocrx_word' id='word_1_144' title='bbox 632 2008 664 2064; x_wconf 94' lang='lat' dir='ltr'>nt</span> <span class='ocrx_word' id='word_1_145' title='bbox 684 2001 763 2064; x_wconf 89' lang='lat' dir='ltr'>idem</span> <span class='ocrx_word' id='word_1_146' title='bbox 786 2001 877 2064; x_wconf 91' lang='lat' dir='ltr'>homo</span> <span class='ocrx_word' id='word_1_147' title='bbox 900 2000 1029 2087; x_wconf 83' lang='lat' dir='ltr'>aliquam</span> <span class='ocrx_word' id='word_1_148' title='bbox 1047 2021 1110 2064; x_wconf 92' lang='lat' dir='ltr'>rem</span> <span class='ocrx_word' id='word_1_149' title='bbox 1124 2008 1155 2065; x_wconf 89' lang='lat' dir='ltr'>et</span> <span class='ocrx_word' id='word_1_150' title='bbox 1173 2000 1252 2062; x_wconf 87' lang='lat' dir='ltr'>male</span> <span class='ocrx_word' id='word_1_151' title='bbox 1265 2001 1466 2081; x_wconf 74' lang='lat' dir='ltr'>impugnatam</span> <span class='ocrx_word' id='word_1_152' title='bbox 1481 2019 1549 2062; x_wconf 90' lang='lat' dir='ltr'>esse</span> <span class='ocrx_word' id='word_1_153' title='bbox 1566 1999 1605 2064; x_wconf 85' lang='lat' dir='ltr'>ab</span> <span class='ocrx_word' id='word_1_154' title='bbox 1625 2000 1692 2064; x_wconf 78' lang='lat' dir='ltr'>uiis</span> <span class='ocrx_word' id='word_1_155' title='bbox 1714 2000 1860 2082; x_wconf 79' lang='lat' dir='ltr'>intelligat</span> <span class='ocrx_word' id='word_1_156' title='bbox 1878 2007 1908 2063; x_wconf 86' lang='lat' dir='ltr'>et</span> <span class='ocrx_word' id='word_1_157' title='bbox 1929 2020 1996 2062; x_wconf 86' lang='lat' dir='ltr'>eam</span> <span class='ocrx_word' id='word_1_158' title='bbox 2110 2043 2114 2060; x_wconf 93' lang='lat'><em>.</em></span> 
     </span>
    </p>
   </div>
   <div class='ocr_carea' id='block_1_6' title="bbox 289 2117 1996 2909">
    <p class='ocr_par' dir='ltr' id='par_1_6' title="bbox 292 2117 1996 2318">
     <span class='ocr_line' id='line_1_13' title="bbox 292 2117 1996 2200; baseline 0.001 -20"><span class='ocrx_word' id='word_1_159' title='bbox 292 2125 393 2180; x_wconf 80' lang='lat' dir='ltr'>tamen</span> <span class='ocrx_word' id='word_1_160' title='bbox 412 2117 518 2182; x_wconf 86' lang='lat' dir='ltr'>lalsam</span> <span class='ocrx_word' id='word_1_161' title='bbox 539 2139 606 2182; x_wconf 77' lang='lat' dir='ltr'>esse</span> <span class='ocrx_word' id='word_1_162' title='bbox 620 2118 744 2197; x_wconf 88' lang='lat' dir='ltr'>judicet</span> <span class='ocrx_word' id='word_1_163' title='bbox 785 2121 856 2199; x_wconf 86' lang='lat' dir='ltr'>Quo</span> <span class='ocrx_word' id='word_1_164' title='bbox 878 2118 972 2200; x_wconf 84' lang='lat' dir='ltr'>magis</span> <span class='ocrx_word' id='word_1_165' title='bbox 993 2118 1113 2180; x_wconf 81' lang='lat' dir='ltr'>obuiam</span> <span class='ocrx_word' id='word_1_166' title='bbox 1132 2119 1262 2200; x_wconf 88' lang='lat' dir='ltr'>eundum</span> <span class='ocrx_word' id='word_1_167' title='bbox 1282 2117 1457 2194; x_wconf 87' lang='lat' dir='ltr'>existimavi,</span> <span class='ocrx_word' id='word_1_168' title='bbox 1477 2137 1516 2180; x_wconf 88' lang='lat' dir='ltr'>ne</span> <span class='ocrx_word' id='word_1_169' title='bbox 1539 2117 1606 2200; x_wconf 89' lang='lat' dir='ltr'>quis</span> <span class='ocrx_word' id='word_1_170' title='bbox 1625 2117 1692 2200; x_wconf 87' lang='lat' dir='ltr'>ipsa</span> <span class='ocrx_word' id='word_1_171' title='bbox 1711 2117 1921 2182; x_wconf 82' lang='lat' dir='ltr'>Hermanniani</span> <span class='ocrx_word' id='word_1_172' title='bbox 1941 2137 1996 2182; x_wconf 92' lang='lat' dir='ltr'>no-</span> 
     </span>
     <span class='ocr_line' id='line_1_14' title="bbox 292 2235 1721 2318; baseline 0 -20"><span class='ocrx_word' id='word_1_173' title='bbox 292 2235 381 2298; x_wconf 83' lang='lat' dir='ltr'>minis</span> <span class='ocrx_word' id='word_1_174' title='bbox 398 2241 577 2300; x_wconf 88' lang='lat' dir='ltr'>auctoritate</span> <span class='ocrx_word' id='word_1_175' title='bbox 598 2237 686 2300; x_wconf 86' lang='lat' dir='ltr'>etiem</span> <span class='ocrx_word' id='word_1_176' title='bbox 708 2255 815 2317; x_wconf 89' lang='lat' dir='ltr'>parum</span> <span class='ocrx_word' id='word_1_177' title='bbox 834 2244 974 2299; x_wconf 80' lang='lat' dir='ltr'>accurrite</span> <span class='ocrx_word' id='word_1_178' title='bbox 992 2255 1136 2316; x_wconf 86' lang='lat' dir='ltr'>expressa</span> <span class='ocrx_word' id='word_1_179' title='bbox 1157 2235 1302 2318; x_wconf 85' lang='lat' dir='ltr'>deceptus</span> <span class='ocrx_word' id='word_1_180' title='bbox 1325 2237 1421 2298; x_wconf 91' lang='lat' dir='ltr'>minus</span> <span class='ocrx_word' id='word_1_181' title='bbox 1442 2255 1513 2298; x_wconf 86' lang='lat' dir='ltr'>vere</span> <span class='ocrx_word' id='word_1_182' title='bbox 1531 2235 1721 2298; x_wconf 87' lang='lat' dir='ltr'>existimaret.</span> 
     </span>
    </p>

    <p class='ocr_par' dir='ltr' id='par_1_7' title="bbox 289 2351 1994 2909">
     <span class='ocr_line' id='line_1_15' title="bbox 419 2351 1994 2437; baseline 0.001 -23"><span class='ocrx_word' id='word_1_183' title='bbox 419 2354 485 2414; x_wconf 88' lang='lat' dir='ltr'>lem</span> <span class='ocrx_word' id='word_1_184' title='bbox 505 2360 660 2437; x_wconf 88' lang='lat' dir='ltr'>antequem</span> <span class='ocrx_word' id='word_1_185' title='bbox 686 2361 790 2418; x_wconf 86' lang='lat' dir='ltr'>nostre</span> <span class='ocrx_word' id='word_1_186' title='bbox 818 2353 979 2434; x_wconf 87' lang='lat' dir='ltr'>incipiatur</span> <span class='ocrx_word' id='word_1_187' title='bbox 1001 2353 1164 2432; x_wconf 75' lang='lat' dir='ltr'>accusatio,</span> <span class='ocrx_word' id='word_1_188' title='bbox 1192 2354 1324 2418; x_wconf 80' lang='lat' dir='ltr'>breuiter</span> <span class='ocrx_word' id='word_1_189' title='bbox 1344 2372 1435 2418; x_wconf 86' lang='lat' dir='ltr'>censa</span> <span class='ocrx_word' id='word_1_190' title='bbox 1455 2353 1522 2434; x_wconf 80' lang='lat' dir='ltr'>ipsa</span> <span class='ocrx_word' id='word_1_191' title='bbox 1545 2352 1751 2416; x_wconf 84' lang='lat' dir='ltr'>constituenda</span> <span class='ocrx_word' id='word_1_192' title='bbox 1771 2359 1825 2414; x_wconf 87' lang='lat' dir='ltr'>est.</span> <span class='ocrx_word' id='word_1_193' title='bbox 1858 2351 1994 2422; x_wconf 79' lang='lat' dir='ltr'>,Primam</span> 
     </span>
     <span class='ocr_line' id='line_1_16' title="bbox 292 2465 1994 2552; baseline -0.001 -19"><span class='ocrx_word' id='word_1_194' title='bbox 292 2470 331 2533; x_wconf 90' lang='lat' dir='ltr'>de</span> <span class='ocrx_word' id='word_1_195' title='bbox 351 2469 397 2532; x_wconf 88' lang='lat' dir='ltr'>bis</span> <span class='ocrx_word' id='word_1_196' title='bbox 415 2471 549 2550; x_wconf 84' lang='lat' dir='ltr'>epistolis</span> <span class='ocrx_word' id='word_1_197' title='bbox 568 2471 784 2535; x_wconf 73' lang='lat' dir='ltr'>dubitationem</span> <span class='ocrx_word' id='word_1_198' title='bbox 801 2489 881 2534; x_wconf 78' lang='lat' dir='ltr'>anno</span> <span class='ocrx_word' id='word_1_199' title='bbox 905 2474 994 2548; x_wconf 84' lang='lat' dir='ltr'>llll,</span> <span class='ocrx_word' id='word_1_200' title='bbox 1024 2472 1118 2534; x_wconf 88' lang='lat' dir='ltr'>movit</span> <span class='ocrx_word' id='word_1_201' title='bbox 1142 2471 1277 2535; x_wconf 84' lang='lat' dir='ltr'>lacobus</span> <span class='ocrx_word' id='word_1_202' title='bbox 1304 2465 1494 2548; x_wconf 80' lang='lat' dir='ltr'>Tunstallus,</span> <span class='ocrx_word' id='word_1_203' title='bbox 1521 2470 1643 2552; x_wconf 81' lang='lat' dir='ltr'>collegii</span> <span class='ocrx_word' id='word_1_204' title='bbox 1667 2468 1918 2550; x_wconf 77' lang='lat' dir='ltr'>Cantabrigiensis</span> <span class='ocrx_word' id='word_1_205' title='bbox 1944 2489 1994 2532; x_wconf 89' lang='lat' dir='ltr'>so·</span> 
     </span>
     <span class='ocr_line' id='line_1_17' title="bbox 291 2587 1993 2671; baseline 0 -21"><span class='ocrx_word' id='word_1_206' title='bbox 291 2587 365 2652; x_wconf 87' lang='lat' dir='ltr'>cius.</span> <span class='ocrx_word' id='word_1_207' title='bbox 405 2588 464 2669; x_wconf 86' lang='lat' dir='ltr'>Qui</span> <span class='ocrx_word' id='word_1_208' title='bbox 489 2607 558 2652; x_wconf 88' lang='lat' dir='ltr'>eum</span> <span class='ocrx_word' id='word_1_209' title='bbox 579 2589 688 2652; x_wconf 86' lang='lat' dir='ltr'>eodem</span> <span class='ocrx_word' id='word_1_210' title='bbox 710 2609 789 2653; x_wconf 83' lang='lat' dir='ltr'>anuo</span> <span class='ocrx_word' id='word_1_211' title='bbox 812 2587 949 2671; x_wconf 86' lang='lat' dir='ltr'>Conyers</span> <span class='ocrx_word' id='word_1_212' title='bbox 975 2589 1142 2654; x_wconf 84' lang='lat' dir='ltr'>bliddleton</span> <span class='ocrx_word' id='word_1_213' title='bbox 1162 2597 1267 2670; x_wconf 87' lang='lat' dir='ltr'>notum</span> <span class='ocrx_word' id='word_1_214' title='bbox 1296 2588 1378 2650; x_wconf 91' lang='lat' dir='ltr'>ilinm</span> <span class='ocrx_word' id='word_1_215' title='bbox 1400 2587 1510 2650; x_wconf 87' lang='lat' dir='ltr'>librum</span> <span class='ocrx_word' id='word_1_216' title='bbox 1528 2587 1671 2652; x_wconf 68' lang='lat' dir='ltr'>edidisset</span> <span class='ocrx_word' id='word_1_217' title='bbox 1695 2588 1733 2650; x_wconf 91' lang='lat' dir='ltr'>de</span> <span class='ocrx_word' id='word_1_218' title='bbox 1751 2587 1812 2650; x_wconf 86' lang='lat' dir='ltr'>vita</span> <span class='ocrx_word' id='word_1_219' title='bbox 1832 2587 1873 2650; x_wconf 89' lang='lat' dir='ltr'>M.</span> <span class='ocrx_word' id='word_1_220' title='bbox 1893 2587 1993 2664; x_wconf 82' lang='lat' dir='ltr'>Tulli,</span> 
     </span>
     <span class='ocr_line' id='line_1_18' title="bbox 290 2703 1994 2791; baseline -0.001 -22"><span class='ocrx_word' id='word_1_221' title='bbox 290 2704 391 2769; x_wconf 83' lang='lat' dir='ltr'>multis</span> <span class='ocrx_word' id='word_1_222' title='bbox 412 2705 567 2770; x_wconf 86' lang='lat' dir='ltr'>erroribus</span> <span class='ocrx_word' id='word_1_223' title='bbox 588 2708 743 2786; x_wconf 81' lang='lat' dir='ltr'>refertum,</span> <span class='ocrx_word' id='word_1_224' title='bbox 770 2716 886 2787; x_wconf 87' lang='lat' dir='ltr'>partem</span> <span class='ocrx_word' id='word_1_225' title='bbox 911 2712 1079 2786; x_wconf 90' lang='lat' dir='ltr'>auctorum,</span> <span class='ocrx_word' id='word_1_226' title='bbox 1109 2707 1217 2791; x_wconf 90' lang='lat' dir='ltr'>quibus</span> <span class='ocrx_word' id='word_1_227' title='bbox 1241 2707 1293 2770; x_wconf 90' lang='lat' dir='ltr'>ille</span> <span class='ocrx_word' id='word_1_228' title='bbox 1320 2725 1395 2770; x_wconf 86' lang='lat' dir='ltr'>usus</span> <span class='ocrx_word' id='word_1_229' title='bbox 1415 2715 1490 2782; x_wconf 86' lang='lat' dir='ltr'>eret,</span> <span class='ocrx_word' id='word_1_230' title='bbox 1519 2705 1537 2769; x_wconf 91' lang='lat' dir='ltr'>i.</span> <span class='ocrx_word' id='word_1_231' title='bbox 1561 2725 1587 2770; x_wconf 89' lang='lat' dir='ltr'>e.</span> <span class='ocrx_word' id='word_1_232' title='bbox 1610 2705 1765 2768; x_wconf 84' lang='lat' dir='ltr'>Ciceronis</span> <span class='ocrx_word' id='word_1_233' title='bbox 1792 2703 1935 2785; x_wconf 79' lang='lat' dir='ltr'>epistolas</span> <span class='ocrx_word' id='word_1_234' title='bbox 1955 2704 1994 2768; x_wconf 84' lang='lat' dir='ltr'>ad</span> 
     </span>
     <span class='ocr_line' id='line_1_19' title="bbox 289 2822 1994 2909; baseline -0.002 -22"><span class='ocrx_word' id='word_1_235' title='bbox 289 2823 424 2888; x_wconf 82' lang='lat' dir='ltr'>Atticum</span> <span class='ocrx_word' id='word_1_236' title='bbox 445 2831 477 2886; x_wconf 87' lang='lat' dir='ltr'>et</span> <span class='ocrx_word' id='word_1_237' title='bbox 497 2825 537 2886; x_wconf 89' lang='lat' dir='ltr'>ed</span> <span class='ocrx_word' id='word_1_238' title='bbox 558 2829 596 2907; x_wconf 83' lang='lat' dir='ltr'>Q.</span> <span class='ocrx_word' id='word_1_239' title='bbox 617 2825 739 2887; x_wconf 87' lang='lat' dir='ltr'>tratrem</span> <span class='ocrx_word' id='word_1_240' title='bbox 758 2824 944 2902; x_wconf 72' lang='lat' dir='ltr'>examinavit,</span> <span class='ocrx_word' id='word_1_241' title='bbox 965 2834 996 2888; x_wconf 88' lang='lat' dir='ltr'>et</span> <span class='ocrx_word' id='word_1_242' title='bbox 1017 2833 1204 2909; x_wconf 81' lang='lat' dir='ltr'>quantopere</span> <span class='ocrx_word' id='word_1_243' title='bbox 1227 2825 1257 2888; x_wconf 87' lang='lat' dir='ltr'>io</span> <span class='ocrx_word' id='word_1_244' title='bbox 1278 2824 1315 2888; x_wconf 88' lang='lat' dir='ltr'>iis</span> <span class='ocrx_word' id='word_1_245' title='bbox 1335 2822 1502 2887; x_wconf 84' lang='lat' dir='ltr'>liliddleton</span> <span class='ocrx_word' id='word_1_246' title='bbox 1523 2828 1689 2904; x_wconf 82' lang='lat' dir='ltr'>peccasset,</span> <span class='ocrx_word' id='word_1_247' title='bbox 1709 2822 1848 2886; x_wconf 88' lang='lat' dir='ltr'>ostendit.</span> <span class='ocrx_word' id='word_1_248' title='bbox 1880 2822 1994 2901; x_wconf 86' lang='lat' dir='ltr'>Adjuu-</span> 
     </span>
    </p>
   </div>
   <div class='ocr_carea' id='block_1_7' title="bbox 287 3084 1994 5004">
    <p class='ocr_par' dir='ltr' id='par_1_8' title="bbox 287 3084 1994 4910">
     <span class='ocr_line' id='line_1_20' title="bbox 439 3084 1994 3158; baseline -0.002 -17"><span class='ocrx_word' id='word_1_249' title='bbox 439 3088 464 3153; x_wconf 83' lang='lat'>1)</span> <span class='ocrx_word' id='word_1_250' title='bbox 481 3090 569 3156; x_wconf 78' lang='lat' dir='ltr'>Pergit</span> <span class='ocrx_word' id='word_1_251' title='bbox 589 3089 757 3142; x_wconf 87' lang='lat' dir='ltr'>liermennus</span> <span class='ocrx_word' id='word_1_252' title='bbox 775 3091 831 3142; x_wconf 76' lang='lat' dir='ltr'>sicr</span> <span class='ocrx_word' id='word_1_253' title='bbox 849 3087 926 3152; x_wconf 84' lang='lat' dir='ltr'>Nam,</span> <span class='ocrx_word' id='word_1_254' title='bbox 943 3096 972 3139; x_wconf 82' lang='lat' dir='ltr'>ei</span> <span class='ocrx_word' id='word_1_255' title='bbox 990 3087 1080 3154; x_wconf 72' lang='lat' dir='ltr'>dicem</span> <span class='ocrx_word' id='word_1_256' title='bbox 1100 3089 1168 3158; x_wconf 84' lang='lat' dir='ltr'>qood</span> <span class='ocrx_word' id='word_1_257' title='bbox 1186 3089 1277 3154; x_wconf 82' lang='lat' dir='ltr'>nentia,</span> <span class='ocrx_word' id='word_1_258' title='bbox 1295 3107 1366 3140; x_wconf 79' lang='lat' dir='ltr'>nene</span> <span class='ocrx_word' id='word_1_259' title='bbox 1384 3105 1477 3152; x_wconf 74' lang='lat' dir='ltr'>emm,</span> <span class='ocrx_word' id='word_1_260' title='bbox 1496 3088 1540 3156; x_wconf 78' lang='lat' dir='ltr'>qui</span> <span class='ocrx_word' id='word_1_261' title='bbox 1557 3087 1593 3139; x_wconf 87' lang='lat' dir='ltr'>nd</span> <span class='ocrx_word' id='word_1_262' title='bbox 1607 3087 1675 3139; x_wconf 80' lang='lat' dir='ltr'>lunc</span> <span class='ocrx_word' id='word_1_263' title='bbox 1693 3101 1772 3153; x_wconf 77' lang='lat' dir='ltr'>unque</span> <span class='ocrx_word' id='word_1_264' title='bbox 1790 3084 1856 3138; x_wconf 85' lang='lat' dir='ltr'>diem</span> <span class='ocrx_word' id='word_1_265' title='bbox 1873 3102 1944 3138; x_wconf 79' lang='lat' dir='ltr'>neena</span> <span class='ocrx_word' id='word_1_266' title='bbox 1962 3086 1994 3138; x_wconf 88' lang='lat' dir='ltr'>de</span> 
     </span>
     <span class='ocr_line' id='line_1_21' title="bbox 291 3177 1992 3252; baseline -0.002 -20"><span class='ocrx_word' id='word_1_267' title='bbox 291 3179 331 3232; x_wconf 72' lang='lat' dir='ltr'>tis</span> <span class='ocrx_word' id='word_1_268' title='bbox 348 3179 461 3248; x_wconf 72' lang='lat' dir='ltr'>epistole</span> <span class='ocrx_word' id='word_1_269' title='bbox 479 3181 667 3244; x_wconf 68' lang='lat' dir='ltr'>existimemmt,</span> <span class='ocrx_word' id='word_1_270' title='bbox 687 3181 724 3234; x_wconf 86' lang='lat' dir='ltr'>ad</span> <span class='ocrx_word' id='word_1_271' title='bbox 742 3197 798 3232; x_wconf 84' lang='lat' dir='ltr'>eom</span> <span class='ocrx_word' id='word_1_272' title='bbox 816 3181 987 3250; x_wconf 68' lang='lat' dir='ltr'>questionem</span> <span class='ocrx_word' id='word_1_273' title='bbox 1003 3190 1049 3234; x_wconf 81' lang='lat' dir='ltr'>aut</span> <span class='ocrx_word' id='word_1_274' title='bbox 1072 3182 1226 3252; x_wconf 74' lang='lat' dir='ltr'>incompta</span> <span class='ocrx_word' id='word_1_275' title='bbox 1250 3182 1367 3252; x_wconf 80' lang='lat' dir='ltr'>opietiene</span> <span class='ocrx_word' id='word_1_276' title='bbox 1387 3189 1432 3234; x_wconf 85' lang='lat' dir='ltr'>aut</span> <span class='ocrx_word' id='word_1_277' title='bbox 1456 3181 1520 3232; x_wconf 86' lang='lat' dir='ltr'>dote</span> <span class='ocrx_word' id='word_1_278' title='bbox 1537 3197 1616 3249; x_wconf 85' lang='lat' dir='ltr'>opera</span> <span class='ocrx_word' id='word_1_279' title='bbox 1636 3188 1682 3230; x_wconf 83' lang='lat' dir='ltr'>eut</span> <span class='ocrx_word' id='word_1_280' title='bbox 1701 3179 1797 3230; x_wconf 77' lang='lat' dir='ltr'>idoneis</span> <span class='ocrx_word' id='word_1_281' title='bbox 1817 3177 1933 3230; x_wconf 75' lang='lat' dir='ltr'>nebridiie</span> <span class='ocrx_word' id='word_1_282' title='bbox 1948 3179 1992 3229; x_wconf 89' lang='lat' dir='ltr'>in-</span> 
     </span>
     <span class='ocr_line' id='line_1_22' title="bbox 291 3269 1992 3344; baseline -0.001 -22"><span class='ocrx_word' id='word_1_283' title='bbox 291 3279 404 3324; x_wconf 71' lang='lat' dir='ltr'>structam</span> <span class='ocrx_word' id='word_1_284' title='bbox 423 3273 558 3324; x_wconf 67' lang='lat' dir='ltr'>nemrim</span> <span class='ocrx_word' id='word_1_285' title='bbox 574 3273 691 3338; x_wconf 58' lang='lat' dir='ltr'>videtum·</span> <span class='ocrx_word' id='word_1_286' title='bbox 711 3290 818 3342; x_wconf 71' lang='lat' dir='ltr'>quanm</span> <span class='ocrx_word' id='word_1_287' title='bbox 834 3273 969 3344; x_wconf 76' lang='lat' dir='ltr'>pleresque</span> <span class='ocrx_word' id='word_1_288' title='bbox 985 3283 1179 3327; x_wconf 64' lang='lat' dir='ltr'>romanianum</span> <span class='ocrx_word' id='word_1_289' title='bbox 1198 3282 1235 3326; x_wconf 81' lang='lat' dir='ltr'>ert</span> <span class='ocrx_word' id='word_1_290' title='bbox 1258 3273 1386 3326; x_wconf 76' lang='lat' dir='ltr'>Tamtaili</span> <span class='ocrx_word' id='word_1_291' title='bbox 1403 3272 1601 3342; x_wconf 73' lang='lat' dir='ltr'>Marklandiqree</span> <span class='ocrx_word' id='word_1_292' title='bbox 1621 3271 1706 3336; x_wconf 80' lang='lat' dir='ltr'>libror,</span> <span class='ocrx_word' id='word_1_293' title='bbox 1726 3271 1871 3322; x_wconf 73' lang='lat' dir='ltr'>rarissimae</span> <span class='ocrx_word' id='word_1_294' title='bbox 1890 3269 1949 3322; x_wconf 81' lang='lat' dir='ltr'>iiim</span> <span class='ocrx_word' id='word_1_295' title='bbox 1968 3278 1992 3322; x_wconf 89' lang='lat' dir='ltr'>et</span> 
     </span>
     <span class='ocr_line' id='line_1_23' title="bbox 288 3363 1992 3436; baseline 0 -22"><span class='ocrx_word' id='word_1_296' title='bbox 288 3365 427 3432; x_wconf 72' lang='lat' dir='ltr'>peregrina</span> <span class='ocrx_word' id='word_1_297' title='bbox 446 3363 534 3433; x_wconf 77' lang='lat' dir='ltr'>linqua</span> <span class='ocrx_word' id='word_1_298' title='bbox 550 3367 715 3434; x_wconf 78' lang='lat' dir='ltr'>comeripton,</span> <span class='ocrx_word' id='word_1_299' title='bbox 732 3383 765 3418; x_wconf 88' lang='lat' dir='ltr'>ne</span> <span class='ocrx_word' id='word_1_300' title='bbox 781 3365 863 3418; x_wconf 77' lang='lat' dir='ltr'>oeulis</span> <span class='ocrx_word' id='word_1_301' title='bbox 880 3365 978 3434; x_wconf 76' lang='lat' dir='ltr'>quiden</span> <span class='ocrx_word' id='word_1_302' title='bbox 994 3384 1106 3436; x_wconf 78' lang='lat' dir='ltr'>unquam</span> <span class='ocrx_word' id='word_1_303' title='bbox 1125 3383 1278 3436; x_wconf 75' lang='lat' dir='ltr'>rrrnrrpaere,¹</span> <span class='ocrx_word' id='word_1_304' title='bbox 1296 3369 1337 3418; x_wconf 82' lang='lat' dir='ltr'>ein</span> <span class='ocrx_word' id='word_1_305' title='bbox 1356 3366 1399 3436; x_wconf 84' lang='lat' dir='ltr'>qai</span> <span class='ocrx_word' id='word_1_306' title='bbox 1415 3367 1542 3429; x_wconf 63' lang='lat' dir='ltr'>eumne,</span> <span class='ocrx_word' id='word_1_307' title='bbox 1562 3373 1608 3417; x_wconf 83' lang='lat' dir='ltr'>ant</span> <span class='ocrx_word' id='word_1_308' title='bbox 1628 3364 1825 3430; x_wconf 74' lang='lat' dir='ltr'>taediopineimae</span> <span class='ocrx_word' id='word_1_309' title='bbox 1837 3363 1992 3432; x_wconf 78' lang='lat' dir='ltr'>disputatio·</span> 
     </span>
     <span class='ocr_line' id='line_1_24' title="bbox 289 3437 1991 3528; baseline -0.001 -20"><span class='ocrx_word' id='word_1_310' title='bbox 289 3456 329 3508; x_wconf 84' lang='lat' dir='ltr'>nir</span> <span class='ocrx_word' id='word_1_311' title='bbox 346 3455 455 3508; x_wconf 73' lang='lat' dir='ltr'>salebris</span> <span class='ocrx_word' id='word_1_312' title='bbox 472 3465 497 3508; x_wconf 85' lang='lat' dir='ltr'>et</span> <span class='ocrx_word' id='word_1_313' title='bbox 516 3456 661 3525; x_wconf 68' lang='lat' dir='ltr'>ambagibus</span> <span class='ocrx_word' id='word_1_314' title='bbox 681 3457 818 3526; x_wconf 70' lang='lat' dir='ltr'>defatigati</span> <span class='ocrx_word' id='word_1_315' title='bbox 834 3459 862 3509; x_wconf 85' lang='lat' dir='ltr'>in</span> <span class='ocrx_word' id='word_1_316' title='bbox 877 3459 932 3527; x_wconf 74' lang='lat' dir='ltr'>ipro</span> <span class='ocrx_word' id='word_1_317' title='bbox 950 3459 1050 3512; x_wconf 75' lang='lat' dir='ltr'>itineris</span> <span class='ocrx_word' id='word_1_318' title='bbox 1070 3461 1121 3526; x_wconf 79' lang='lat' dir='ltr'>fine</span> <span class='ocrx_word' id='word_1_319' title='bbox 1141 3460 1331 3528; x_wconf 72' lang='lat' dir='ltr'>acquienemmt,</span> <span class='ocrx_word' id='word_1_320' title='bbox 1350 3467 1395 3510; x_wconf 83' lang='lat' dir='ltr'>out</span> <span class='ocrx_word' id='word_1_321' title='bbox 1413 3460 1508 3512; x_wconf 85' lang='lat' dir='ltr'>minaei</span> <span class='ocrx_word' id='word_1_322' title='bbox 1524 3437 1629 3510; x_wconf 70' lang='lat' dir='ltr'>iiio&#39;enm</span> <span class='ocrx_word' id='word_1_323' title='bbox 1647 3456 1800 3522; x_wconf 72' lang='lat' dir='ltr'>confidentia</span> <span class='ocrx_word' id='word_1_324' title='bbox 1815 3455 1899 3506; x_wconf 80' lang='lat' dir='ltr'>territi</span> <span class='ocrx_word' id='word_1_325' title='bbox 1920 3462 1991 3506; x_wconf 85' lang='lat' dir='ltr'>tanta</span> 
     </span>
     <span class='ocr_line' id='line_1_25' title="bbox 288 3545 1990 3621; baseline -0.001 -21"><span class='ocrx_word' id='word_1_326' title='bbox 288 3548 422 3600; x_wconf 64' lang='grc' dir='ltr'>συνίσασι</span> <span class='ocrx_word' id='word_1_327' title='bbox 442 3549 689 3616; x_wconf 74' lang='lat' dir='ltr'>testimoniorumque</span> <span class='ocrx_word' id='word_1_328' title='bbox 702 3549 827 3601; x_wconf 77' lang='lat' dir='ltr'>molimini</span> <span class='ocrx_word' id='word_1_329' title='bbox 846 3550 934 3602; x_wconf 83' lang='lat' dir='ltr'>cedere</span> <span class='ocrx_word' id='word_1_330' title='bbox 954 3552 1104 3603; x_wconf 71' lang='lat' dir='ltr'>mannaan</span> <span class='ocrx_word' id='word_1_331' title='bbox 1123 3552 1258 3616; x_wconf 69' lang='lat' dir='ltr'>damnarat,</span> <span class='ocrx_word' id='word_1_332' title='bbox 1276 3560 1321 3603; x_wconf 80' lang='lat' dir='ltr'>net</span> <span class='ocrx_word' id='word_1_333' title='bbox 1341 3553 1392 3621; x_wconf 73' lang='lat' dir='ltr'>ipsi</span> <span class='ocrx_word' id='word_1_334' title='bbox 1405 3551 1474 3605; x_wconf 85' lang='lat' dir='ltr'>eelui</span> <span class='ocrx_word' id='word_1_335' title='bbox 1492 3551 1642 3618; x_wconf 76' lang='lat' dir='ltr'>contagione</span> <span class='ocrx_word' id='word_1_336' title='bbox 1660 3548 1750 3616; x_wconf 80' lang='lat' dir='ltr'>eliqua</span> <span class='ocrx_word' id='word_1_337' title='bbox 1766 3547 1855 3613; x_wconf 72' lang='lat' dir='ltr'>insecti</span> <span class='ocrx_word' id='word_1_338' title='bbox 1874 3545 1936 3596; x_wconf 83' lang='lat' dir='ltr'>laeti</span> <span class='ocrx_word' id='word_1_339' title='bbox 1955 3545 1990 3598; x_wconf 89' lang='lat' dir='ltr'>li-</span> 
     </span>
     <span class='ocr_line' id='line_1_26' title="bbox 290 3641 1991 3714; baseline -0.002 -22"><span class='ocrx_word' id='word_1_340' title='bbox 290 3641 423 3709; x_wconf 81' lang='lat' dir='ltr'>benterqne</span> <span class='ocrx_word' id='word_1_341' title='bbox 437 3643 466 3693; x_wconf 85' lang='lat' dir='ltr'>in</span> <span class='ocrx_word' id='word_1_342' title='bbox 482 3642 596 3706; x_wconf 76' lang='lat' dir='ltr'>injuriae</span> <span class='ocrx_word' id='word_1_343' title='bbox 611 3642 756 3694; x_wconf 78' lang='lat' dir='ltr'>societatem</span> <span class='ocrx_word' id='word_1_344' title='bbox 773 3650 905 3698; x_wconf 73' lang='lat' dir='ltr'>ommni.</span> <span class='ocrx_word' id='word_1_345' title='bbox 944 3643 1014 3696; x_wconf 80' lang='lat' dir='ltr'>Nece</span> <span class='ocrx_word' id='word_1_346' title='bbox 1028 3645 1085 3714; x_wconf 79' lang='lat' dir='ltr'>qeir</span> <span class='ocrx_word' id='word_1_347' title='bbox 1102 3645 1190 3696; x_wconf 76' lang='lat' dir='ltr'>durius</span> <span class='ocrx_word' id='word_1_348' title='bbox 1210 3644 1273 3696; x_wconf 81' lang='lat' dir='ltr'>laec</span> <span class='ocrx_word' id='word_1_349' title='bbox 1290 3644 1361 3695; x_wconf 80' lang='lat' dir='ltr'>elicta</span> <span class='ocrx_word' id='word_1_350' title='bbox 1376 3652 1456 3714; x_wconf 78' lang='lat' dir='ltr'>putei,</span> <span class='ocrx_word' id='word_1_351' title='bbox 1476 3659 1552 3696; x_wconf 73' lang='lat' dir='ltr'>unam</span> <span class='ocrx_word' id='word_1_352' title='bbox 1569 3659 1665 3704; x_wconf 87' lang='lat' dir='ltr'>moneo,</span> <span class='ocrx_word' id='word_1_353' title='bbox 1690 3658 1739 3710; x_wconf 88' lang='lat' dir='ltr'>per</span> <span class='ocrx_word' id='word_1_354' title='bbox 1760 3641 1805 3692; x_wconf 79' lang='lat' dir='ltr'>boe</span> <span class='ocrx_word' id='word_1_355' title='bbox 1823 3647 1922 3690; x_wconf 73' lang='lat' dir='ltr'>mnium</span> <span class='ocrx_word' id='word_1_356' title='bbox 1940 3655 1991 3690; x_wconf 87' lang='lat' dir='ltr'>an-</span> 
     </span>
     <span class='ocr_line' id='line_1_27' title="bbox 288 3725 1991 3806; baseline -0.002 -22"><span class='ocrx_word' id='word_1_357' title='bbox 288 3750 334 3785; x_wconf 85' lang='lat' dir='ltr'>nor</span> <span class='ocrx_word' id='word_1_358' title='bbox 355 3750 437 3785; x_wconf 78' lang='lat' dir='ltr'>omnes</span> <span class='ocrx_word' id='word_1_359' title='bbox 457 3733 557 3802; x_wconf 77' lang='lat' dir='ltr'>quidem</span> <span class='ocrx_word' id='word_1_360' title='bbox 578 3733 624 3785; x_wconf 78' lang='lat' dir='ltr'>liar</span> <span class='ocrx_word' id='word_1_361' title='bbox 642 3733 763 3803; x_wconf 81' lang='lat' dir='ltr'>epiriolar</span> <span class='ocrx_word' id='word_1_362' title='bbox 780 3752 830 3806; x_wconf 83' lang='lat' dir='ltr'>pro</span> <span class='ocrx_word' id='word_1_363' title='bbox 847 3737 1019 3806; x_wconf 79' lang='lat' dir='ltr'>repperitieiir</span> <span class='ocrx_word' id='word_1_364' title='bbox 1034 3725 1166 3806; x_wconf 73' lang='lat' dir='ltr'>spreuisse,</span> <span class='ocrx_word' id='word_1_365' title='bbox 1185 3745 1360 3804; x_wconf 67' lang='lat' dir='ltr'>aequamentum</span> <span class='ocrx_word' id='word_1_366' title='bbox 1385 3743 1475 3800; x_wconf 85' lang='lat' dir='ltr'>tomen,</span> <span class='ocrx_word' id='word_1_367' title='bbox 1500 3752 1548 3804; x_wconf 78' lang='lat' dir='ltr'>quo</span> <span class='ocrx_word' id='word_1_368' title='bbox 1571 3733 1600 3785; x_wconf 85' lang='lat' dir='ltr'>id</span> <span class='ocrx_word' id='word_1_369' title='bbox 1619 3733 1784 3803; x_wconf 78' lang='lat' dir='ltr'>probaretur,</span> <span class='ocrx_word' id='word_1_370' title='bbox 1806 3761 1834 3771; x_wconf 97' lang='lat'>-</span> <span class='ocrx_word' id='word_1_371' title='bbox 1862 3739 1898 3782; x_wconf 74' lang='lat' dir='ltr'>ne&#39;</span> <span class='ocrx_word' id='word_1_372' title='bbox 1914 3747 1991 3782; x_wconf 77' lang='lat' dir='ltr'>amm</span> 
     </span>
     <span class='ocr_line' id='line_1_28' title="bbox 289 3823 1991 3898; baseline 0.001 -22"><span class='ocrx_word' id='word_1_373' title='bbox 289 3825 388 3894; x_wconf 75' lang='lat' dir='ltr'>quiden</span> <span class='ocrx_word' id='word_1_374' title='bbox 404 3823 521 3894; x_wconf 77' lang='lat' dir='ltr'>amplius,</span> <span class='ocrx_word' id='word_1_375' title='bbox 540 3835 663 3895; x_wconf 81' lang='lat' dir='ltr'>quantem</span> <span class='ocrx_word' id='word_1_376' title='bbox 681 3827 792 3896; x_wconf 81' lang='lat' dir='ltr'>equidem</span> <span class='ocrx_word' id='word_1_377' title='bbox 809 3827 873 3890; x_wconf 84' lang='lat' dir='ltr'>reio,</span> <span class='ocrx_word' id='word_1_378' title='bbox 890 3829 1007 3898; x_wconf 80' lang='lat' dir='ltr'>prodiere</span> <span class='ocrx_word' id='word_1_379' title='bbox 1026 3837 1073 3882; x_wconf 86' lang='lat' dir='ltr'>ete.</span> <span class='ocrx_word' id='word_1_380' title='bbox 1107 3833 1136 3882; x_wconf 88' lang='lat' dir='ltr'>ln</span> <span class='ocrx_word' id='word_1_381' title='bbox 1155 3830 1252 3898; x_wconf 91' lang='lat' dir='ltr'>quibus</span> <span class='ocrx_word' id='word_1_382' title='bbox 1271 3844 1336 3882; x_wconf 87' lang='lat' dir='ltr'>vore</span> <span class='ocrx_word' id='word_1_383' title='bbox 1354 3831 1449 3882; x_wconf 82' lang='lat' dir='ltr'>dixerit</span> <span class='ocrx_word' id='word_1_384' title='bbox 1468 3829 1644 3890; x_wconf 82' lang='lat' dir='ltr'>Hermannus,</span> <span class='ocrx_word' id='word_1_385' title='bbox 1669 3840 1684 3877; x_wconf 86' lang='lat' dir='ltr'>a</span> <span class='ocrx_word' id='word_1_386' title='bbox 1703 3827 1798 3891; x_wconf 85' lang='lat' dir='ltr'>peucls</span> <span class='ocrx_word' id='word_1_387' title='bbox 1815 3825 1991 3891; x_wconf 89' lang='lat' dir='ltr'>perlustratos</span> 
     </span>
     <span class='ocr_line' id='line_1_29' title="bbox 291 3903 1991 3990; baseline -0.003 -18"><span class='ocrx_word' id='word_1_388' title='bbox 291 3933 349 3972; x_wconf 83' lang='lat' dir='ltr'>esse</span> <span class='ocrx_word' id='word_1_389' title='bbox 367 3922 509 3986; x_wconf 74' lang='lat' dir='ltr'>auglorum</span> <span class='ocrx_word' id='word_1_390' title='bbox 526 3920 618 3982; x_wconf 84' lang='lat' dir='ltr'>libros,</span> <span class='ocrx_word' id='word_1_391' title='bbox 638 3934 732 3972; x_wconf 80' lang='lat' dir='ltr'>verum</span> <span class='ocrx_word' id='word_1_392' title='bbox 750 3921 822 3987; x_wconf 91' lang='lat' dir='ltr'>quod</span> <span class='ocrx_word' id='word_1_393' title='bbox 847 3923 1026 3981; x_wconf 83' lang='lat' dir='ltr'>temeritatem</span> <span class='ocrx_word' id='word_1_394' title='bbox 1050 3923 1185 3990; x_wconf 87' lang='lat' dir='ltr'>quandam</span> <span class='ocrx_word' id='word_1_395' title='bbox 1206 3923 1299 3988; x_wconf 85' lang='lat' dir='ltr'>judicii</span> <span class='ocrx_word' id='word_1_396' title='bbox 1319 3923 1385 3974; x_wconf 84' lang='lat' dir='ltr'>viris</span> <span class='ocrx_word' id='word_1_397' title='bbox 1405 3903 1491 3974; x_wconf 87' lang='lat' dir='ltr'>doctis</span> <span class='ocrx_word' id='word_1_398' title='bbox 1510 3921 1661 3986; x_wconf 86' lang='lat' dir='ltr'>exprobrat,</span> <span class='ocrx_word' id='word_1_399' title='bbox 1680 3920 1726 3984; x_wconf 92' lang='lat' dir='ltr'>qul</span> <span class='ocrx_word' id='word_1_400' title='bbox 1744 3923 1900 3984; x_wconf 85' lang='lat' dir='ltr'>argumenta</span> <span class='ocrx_word' id='word_1_401' title='bbox 1920 3917 1991 3968; x_wconf 86' lang='lat' dir='ltr'>nulle</span> 
     </span>
     <span class='ocr_line' id='line_1_30' title="bbox 291 4009 1990 4080; baseline 0 -18"><span class='ocrx_word' id='word_1_402' title='bbox 291 4025 361 4064; x_wconf 84' lang='lat' dir='ltr'>noua</span> <span class='ocrx_word' id='word_1_403' title='bbox 379 4013 546 4078; x_wconf 87' lang='lat' dir='ltr'>protulerint,</span> <span class='ocrx_word' id='word_1_404' title='bbox 566 4015 657 4077; x_wconf 91' lang='lat' dir='ltr'>potest</span> <span class='ocrx_word' id='word_1_405' title='bbox 675 4013 702 4063; x_wconf 91' lang='lat' dir='ltr'>id</span> <span class='ocrx_word' id='word_1_406' title='bbox 727 4013 776 4063; x_wconf 87' lang='lat' dir='ltr'>elia</span> <span class='ocrx_word' id='word_1_407' title='bbox 795 4015 898 4066; x_wconf 89' lang='lat' dir='ltr'>ratione</span> <span class='ocrx_word' id='word_1_408' title='bbox 917 4017 1051 4080; x_wconf 80' lang='lat' dir='ltr'>explicari.</span> <span class='ocrx_word' id='word_1_409' title='bbox 1095 4017 1224 4066; x_wconf 84' lang='lat' dir='ltr'>Nimirum</span> <span class='ocrx_word' id='word_1_410' title='bbox 1243 4015 1300 4066; x_wconf 87' lang='lat' dir='ltr'>lieri</span> <span class='ocrx_word' id='word_1_411' title='bbox 1320 4017 1436 4080; x_wconf 85' lang='lat' dir='ltr'>poterat,</span> <span class='ocrx_word' id='word_1_412' title='bbox 1462 4017 1500 4076; x_wconf 89' lang='lat' dir='ltr'>ut,</span> <span class='ocrx_word' id='word_1_413' title='bbox 1523 4015 1568 4080; x_wconf 91' lang='lat' dir='ltr'>qui</span> <span class='ocrx_word' id='word_1_414' title='bbox 1586 4012 1725 4063; x_wconf 86' lang='lat' dir='ltr'>audissent</span> <span class='ocrx_word' id='word_1_415' title='bbox 1743 4015 1846 4062; x_wconf 90' lang='lat' dir='ltr'>tantum</span> <span class='ocrx_word' id='word_1_416' title='bbox 1865 4009 1990 4075; x_wconf 89' lang='lat' dir='ltr'>epistolas</span> 
     </span>
     <span class='ocr_line' id='line_1_31' title="bbox 290 4103 1990 4174; baseline -0.001 -20"><span class='ocrx_word' id='word_1_417' title='bbox 290 4104 346 4154; x_wconf 88' lang='lat' dir='ltr'>litas</span> <span class='ocrx_word' id='word_1_418' title='bbox 366 4103 485 4154; x_wconf 89' lang='lat' dir='ltr'>damnari</span> <span class='ocrx_word' id='word_1_419' title='bbox 503 4103 537 4155; x_wconf 88' lang='lat' dir='ltr'>ab</span> <span class='ocrx_word' id='word_1_420' title='bbox 557 4103 656 4169; x_wconf 73' lang='lat' dir='ltr'>logiis,</span> <span class='ocrx_word' id='word_1_421' title='bbox 677 4118 738 4155; x_wconf 89' lang='lat' dir='ltr'>cum</span> <span class='ocrx_word' id='word_1_422' title='bbox 757 4105 881 4169; x_wconf 82' lang='lat' dir='ltr'>legerent,</span> <span class='ocrx_word' id='word_1_423' title='bbox 901 4107 952 4172; x_wconf 89' lang='lat' dir='ltr'>ipsi</span> <span class='ocrx_word' id='word_1_424' title='bbox 971 4122 986 4159; x_wconf 91' lang='lat' dir='ltr'>e</span> <span class='ocrx_word' id='word_1_425' title='bbox 1005 4107 1076 4158; x_wconf 91' lang='lat' dir='ltr'>nullo</span> <span class='ocrx_word' id='word_1_426' title='bbox 1095 4109 1224 4158; x_wconf 86' lang='lat' dir='ltr'>admoniti</span> <span class='ocrx_word' id='word_1_427' title='bbox 1245 4107 1385 4159; x_wconf 79' lang='lat' dir='ltr'>manifesta</span> <span class='ocrx_word' id='word_1_428' title='bbox 1404 4105 1505 4158; x_wconf 87' lang='lat' dir='ltr'>treudis</span> <span class='ocrx_word' id='word_1_429' title='bbox 1530 4106 1626 4157; x_wconf 84' lang='lat' dir='ltr'>indicia</span> <span class='ocrx_word' id='word_1_430' title='bbox 1647 4103 1878 4174; x_wconf 86' lang='lat' dir='ltr'>deprehenderent</span> <span class='ocrx_word' id='word_1_431' title='bbox 1899 4104 1990 4168; x_wconf 87' lang='lat' dir='ltr'>itaque</span> 
     </span>
     <span class='ocr_line' id='line_1_32' title="bbox 289 4196 1990 4264; baseline -0.001 -18"><span class='ocrx_word' id='word_1_432' title='bbox 289 4209 344 4246; x_wconf 88' lang='lat' dir='ltr'>nou</span> <span class='ocrx_word' id='word_1_433' title='bbox 362 4209 443 4248; x_wconf 85' lang='lat' dir='ltr'>caece</span> <span class='ocrx_word' id='word_1_434' title='bbox 463 4196 550 4262; x_wconf 84' lang='lat' dir='ltr'>aliqua</span> <span class='ocrx_word' id='word_1_435' title='bbox 569 4197 728 4261; x_wconf 83' lang='lat' dir='ltr'>temeritate,</span> <span class='ocrx_word' id='word_1_436' title='bbox 745 4199 795 4251; x_wconf 90' lang='lat' dir='ltr'>sed</span> <span class='ocrx_word' id='word_1_437' title='bbox 815 4201 895 4251; x_wconf 82' lang='lat' dir='ltr'>certis</span> <span class='ocrx_word' id='word_1_438' title='bbox 924 4205 952 4251; x_wconf 91' lang='lat' dir='ltr'>et</span> <span class='ocrx_word' id='word_1_439' title='bbox 975 4201 1098 4264; x_wconf 84' lang='lat' dir='ltr'>cogitetis</span> <span class='ocrx_word' id='word_1_440' title='bbox 1124 4198 1275 4252; x_wconf 86' lang='lat' dir='ltr'>rationibus</span> <span class='ocrx_word' id='word_1_441' title='bbox 1299 4199 1461 4264; x_wconf 85' lang='lat' dir='ltr'>judicarent.</span> <span class='ocrx_word' id='word_1_442' title='bbox 1498 4199 1551 4250; x_wconf 83' lang='lat' dir='ltr'>Nee</span> <span class='ocrx_word' id='word_1_443' title='bbox 1579 4211 1647 4262; x_wconf 85' lang='lat' dir='ltr'>opus</span> <span class='ocrx_word' id='word_1_444' title='bbox 1670 4199 1728 4250; x_wconf 89' lang='lat' dir='ltr'>eret</span> <span class='ocrx_word' id='word_1_445' title='bbox 1745 4209 1816 4247; x_wconf 82' lang='lat' dir='ltr'>novo</span> <span class='ocrx_word' id='word_1_446' title='bbox 1834 4199 1990 4260; x_wconf 87' lang='lat' dir='ltr'>argumente</span> 
     </span>
     <span class='ocr_line' id='line_1_33' title="bbox 288 4287 1989 4358; baseline -0.002 -18"><span class='ocrx_word' id='word_1_447' title='bbox 288 4287 392 4340; x_wconf 88' lang='lat' dir='ltr'>allerre.</span> <span class='ocrx_word' id='word_1_448' title='bbox 419 4287 487 4348; x_wconf 88' lang='lat' dir='ltr'>Quid</span> <span class='ocrx_word' id='word_1_449' title='bbox 504 4290 574 4340; x_wconf 86' lang='lat' dir='ltr'>enim</span> <span class='ocrx_word' id='word_1_450' title='bbox 591 4289 799 4354; x_wconf 82' lang='lat' dir='ltr'>aggrederentur</span> <span class='ocrx_word' id='word_1_451' title='bbox 815 4306 884 4356; x_wconf 90' lang='lat' dir='ltr'>eum,</span> <span class='ocrx_word' id='word_1_452' title='bbox 903 4305 982 4358; x_wconf 90' lang='lat' dir='ltr'>quem</span> <span class='ocrx_word' id='word_1_453' title='bbox 997 4305 1075 4343; x_wconf 90' lang='lat' dir='ltr'>nemo</span> <span class='ocrx_word' id='word_1_454' title='bbox 1090 4293 1145 4355; x_wconf 84' lang='lat' dir='ltr'>jam</span> <span class='ocrx_word' id='word_1_455' title='bbox 1163 4291 1339 4344; x_wconf 77' lang='lat' dir='ltr'>detenderet?</span> <span class='ocrx_word' id='word_1_456' title='bbox 1362 4293 1443 4353; x_wconf 82' lang='lat' dir='ltr'>Quasi</span> <span class='ocrx_word' id='word_1_457' title='bbox 1458 4303 1524 4342; x_wconf 88' lang='lat' dir='ltr'>vero</span> <span class='ocrx_word' id='word_1_458' title='bbox 1542 4291 1568 4340; x_wconf 92' lang='lat' dir='ltr'>in</span> <span class='ocrx_word' id='word_1_459' title='bbox 1580 4289 1648 4341; x_wconf 88' lang='lat' dir='ltr'>libro</span> <span class='ocrx_word' id='word_1_460' title='bbox 1668 4290 1796 4341; x_wconf 86' lang='lat' dir='ltr'>ementito</span> <span class='ocrx_word' id='word_1_461' title='bbox 1814 4299 1989 4353; x_wconf 88' lang='lat' dir='ltr'>errorumque</span> 
     </span>
     <span class='ocr_line' id='line_1_34' title="bbox 287 4379 1989 4450; baseline 0.001 -22"><span class='ocrx_word' id='word_1_462' title='bbox 287 4380 367 4446; x_wconf 90' lang='lat' dir='ltr'>pleno</span> <span class='ocrx_word' id='word_1_463' title='bbox 383 4379 496 4430; x_wconf 90' lang='lat' dir='ltr'>muitum</span> <span class='ocrx_word' id='word_1_464' title='bbox 515 4379 652 4433; x_wconf 89' lang='lat' dir='ltr'>elaborare</span> <span class='ocrx_word' id='word_1_465' title='bbox 668 4383 818 4446; x_wconf 85' lang='lat' dir='ltr'>jucundum</span> <span class='ocrx_word' id='word_1_466' title='bbox 838 4385 882 4446; x_wconf 89' lang='lat' dir='ltr'>eit,</span> <span class='ocrx_word' id='word_1_467' title='bbox 893 4385 1053 4449; x_wconf 84' lang='lat' dir='ltr'>praesertim</span> <span class='ocrx_word' id='word_1_468' title='bbox 1068 4397 1129 4437; x_wconf 86' lang='lat' dir='ltr'>cum</span> <span class='ocrx_word' id='word_1_469' title='bbox 1144 4387 1234 4436; x_wconf 88' lang='lat' dir='ltr'>tantus</span> <span class='ocrx_word' id='word_1_470' title='bbox 1246 4384 1357 4435; x_wconf 85' lang='lat' dir='ltr'>eliorum</span> <span class='ocrx_word' id='word_1_471' title='bbox 1368 4384 1529 4448; x_wconf 86' lang='lat' dir='ltr'>scriptorum</span> <span class='ocrx_word' id='word_1_472' title='bbox 1542 4393 1653 4446; x_wconf 84' lang='lat' dir='ltr'>campus</span> <span class='ocrx_word' id='word_1_473' title='bbox 1668 4383 1770 4450; x_wconf 83' lang='lat' dir='ltr'>patenti</span> <span class='ocrx_word' id='word_1_474' title='bbox 1788 4381 1862 4432; x_wconf 82' lang='lat' dir='ltr'>Hauc</span> <span class='ocrx_word' id='word_1_475' title='bbox 1879 4389 1989 4430; x_wconf 78' lang='lat' dir='ltr'>caumm</span> 
     </span>
     <span class='ocr_line' id='line_1_35' title="bbox 287 4471 1988 4542; baseline -0.001 -18"><span class='ocrx_word' id='word_1_476' title='bbox 287 4473 472 4538; x_wconf 83' lang='lat' dir='ltr'>plurimorum,</span> <span class='ocrx_word' id='word_1_477' title='bbox 493 4473 538 4538; x_wconf 91' lang='lat' dir='ltr'>qui</span> <span class='ocrx_word' id='word_1_478' title='bbox 557 4483 573 4524; x_wconf 85' lang='lat' dir='ltr'>e</span> <span class='ocrx_word' id='word_1_479' title='bbox 593 4475 722 4528; x_wconf 86' lang='lat' dir='ltr'>Cicerone</span> <span class='ocrx_word' id='word_1_480' title='bbox 742 4475 791 4527; x_wconf 87' lang='lat' dir='ltr'>bes</span> <span class='ocrx_word' id='word_1_481' title='bbox 808 4477 933 4540; x_wconf 78' lang='lat' dir='ltr'>epistolas</span> <span class='ocrx_word' id='word_1_482' title='bbox 946 4477 1081 4541; x_wconf 87' lang='lat' dir='ltr'>prolectas</span> <span class='ocrx_word' id='word_1_483' title='bbox 1099 4490 1159 4529; x_wconf 87' lang='lat' dir='ltr'>esse</span> <span class='ocrx_word' id='word_1_484' title='bbox 1180 4480 1319 4542; x_wconf 87' lang='lat' dir='ltr'>negarunt,</span> <span class='ocrx_word' id='word_1_485' title='bbox 1339 4477 1423 4529; x_wconf 87' lang='lat' dir='ltr'>luisse</span> <span class='ocrx_word' id='word_1_486' title='bbox 1440 4488 1503 4526; x_wconf 86' lang='lat' dir='ltr'>eum</span> <span class='ocrx_word' id='word_1_487' title='bbox 1521 4474 1658 4540; x_wconf 87' lang='lat' dir='ltr'>probabile</span> <span class='ocrx_word' id='word_1_488' title='bbox 1680 4474 1723 4536; x_wconf 88' lang='lat' dir='ltr'>sit,</span> <span class='ocrx_word' id='word_1_489' title='bbox 1741 4476 1800 4524; x_wconf 91' lang='lat' dir='ltr'>tum·</span> <span class='ocrx_word' id='word_1_490' title='bbox 1816 4475 1843 4522; x_wconf 91' lang='lat' dir='ltr'>in</span> <span class='ocrx_word' id='word_1_491' title='bbox 1860 4471 1988 4522; x_wconf 81' lang='lat' dir='ltr'>liuhais-</span> 
     </span>
     <span class='ocr_line' id='line_1_36' title="bbox 289 4564 1988 4634; baseline -0.002 -17"><span class='ocrx_word' id='word_1_492' title='bbox 289 4567 343 4627; x_wconf 89' lang='lat' dir='ltr'>nio,</span> <span class='ocrx_word' id='word_1_493' title='bbox 359 4566 419 4616; x_wconf 83' lang='lat' dir='ltr'>rico</span> <span class='ocrx_word' id='word_1_494' title='bbox 437 4576 500 4615; x_wconf 87' lang='lat' dir='ltr'>eum</span> <span class='ocrx_word' id='word_1_495' title='bbox 518 4564 545 4614; x_wconf 87' lang='lat' dir='ltr'>in</span> <span class='ocrx_word' id='word_1_496' title='bbox 563 4567 635 4618; x_wconf 90' lang='lat' dir='ltr'>omni</span> <span class='ocrx_word' id='word_1_497' title='bbox 652 4581 683 4620; x_wconf 87' lang='lat' dir='ltr'>re</span> <span class='ocrx_word' id='word_1_498' title='bbox 702 4567 913 4634; x_wconf 87' lang='lat' dir='ltr'>prudentissimo</span> <span class='ocrx_word' id='word_1_499' title='bbox 933 4572 989 4622; x_wconf 88' lang='lat' dir='ltr'>tum</span> <span class='ocrx_word' id='word_1_500' title='bbox 1007 4569 1042 4622; x_wconf 86' lang='lat' dir='ltr'>ad</span> <span class='ocrx_word' id='word_1_501' title='bbox 1063 4569 1246 4622; x_wconf 88' lang='lat' dir='ltr'>damnandum</span> <span class='ocrx_word' id='word_1_502' title='bbox 1265 4570 1412 4624; x_wconf 70' lang='lat' dir='ltr'>lenissimo</span> <span class='ocrx_word' id='word_1_503' title='bbox 1430 4571 1458 4621; x_wconf 89' lang='lat' dir='ltr'>et</span> <span class='ocrx_word' id='word_1_504' title='bbox 1473 4581 1559 4633; x_wconf 89' lang='lat' dir='ltr'>prope</span> <span class='ocrx_word' id='word_1_505' title='bbox 1576 4567 1664 4628; x_wconf 71' lang='lat' dir='ltr'>enno,</span> <span class='ocrx_word' id='word_1_506' title='bbox 1683 4569 1788 4618; x_wconf 87' lang='lat' dir='ltr'>eertum</span> <span class='ocrx_word' id='word_1_507' title='bbox 1799 4565 1905 4616; x_wconf 85' lang='lat' dir='ltr'>videtur</span> <span class='ocrx_word' id='word_1_508' title='bbox 1919 4575 1988 4614; x_wconf 82' lang='lat' dir='ltr'>esse.</span> 
     </span>
     <span class='ocr_line' id='line_1_37' title="bbox 290 4653 1986 4727; baseline -0.001 -21"><span class='ocrx_word' id='word_1_509' title='bbox 290 4658 315 4710; x_wconf 81' lang='lat' dir='ltr'>la</span> <span class='ocrx_word' id='word_1_510' title='bbox 333 4661 403 4712; x_wconf 78' lang='lat' dir='ltr'>enim</span> <span class='ocrx_word' id='word_1_511' title='bbox 425 4655 462 4708; x_wconf 81' lang='lat' dir='ltr'>ed</span> <span class='ocrx_word' id='word_1_512' title='bbox 481 4655 609 4720; x_wconf 71' lang='lat' dir='ltr'>vellelum</span> <span class='ocrx_word' id='word_1_513' title='bbox 628 4660 658 4722; x_wconf 91' lang='lat' dir='ltr'>ll,</span> <span class='ocrx_word' id='word_1_514' title='bbox 676 4657 710 4710; x_wconf 81' lang='lat'>1·2</span> <span class='ocrx_word' id='word_1_515' title='bbox 727 4675 772 4727; x_wconf 78' lang='lat' dir='ltr'>eqo</span> <span class='ocrx_word' id='word_1_516' title='bbox 789 4675 859 4724; x_wconf 83' lang='lat' dir='ltr'>aero,</span> <span class='ocrx_word' id='word_1_517' title='bbox 880 4662 972 4726; x_wconf 86' lang='lat' dir='ltr'>inquit,</span> <span class='ocrx_word' id='word_1_518' title='bbox 989 4659 1144 4712; x_wconf 73' lang='lat' dir='ltr'>Martinam</span> <span class='ocrx_word' id='word_1_519' title='bbox 1158 4667 1191 4723; x_wconf 51' lang='lat' dir='ltr'>,et</span> <span class='ocrx_word' id='word_1_520' title='bbox 1207 4661 1306 4714; x_wconf 73' lang='lat' dir='ltr'>Iacobo</span> <span class='ocrx_word' id='word_1_521' title='bbox 1328 4659 1459 4714; x_wconf 75' lang='lat' dir='ltr'>tentatie</span> <span class='ocrx_word' id='word_1_522' title='bbox 1476 4658 1557 4726; x_wconf 69' lang='lat' dir='ltr'>facile</span> <span class='ocrx_word' id='word_1_523' title='bbox 1573 4657 1700 4710; x_wconf 79' lang='lat' dir='ltr'>oermtior</span> <span class='ocrx_word' id='word_1_524' title='bbox 1720 4656 1849 4710; x_wconf 69' lang='lat' dir='ltr'>Ciceromr</span> <span class='ocrx_word' id='word_1_525' title='bbox 1869 4653 1986 4705; x_wconf 78' lang='lat' dir='ltr'>odilre-</span> 
     </span>
     <span class='ocr_line' id='line_1_38' title="bbox 291 4746 1987 4822; baseline 0 -22"><span class='ocrx_word' id='word_1_526' title='bbox 291 4753 342 4800; x_wconf 83' lang='lat' dir='ltr'>tmn</span> <span class='ocrx_word' id='word_1_527' title='bbox 359 4757 382 4800; x_wconf 84' lang='lat' dir='ltr'>et</span> <span class='ocrx_word' id='word_1_528' title='bbox 399 4746 478 4800; x_wconf 73' lang='lat' dir='ltr'>Bruti</span> <span class='ocrx_word' id='word_1_529' title='bbox 493 4747 531 4799; x_wconf 86' lang='lat' dir='ltr'>ad</span> <span class='ocrx_word' id='word_1_530' title='bbox 548 4747 693 4802; x_wconf 65' lang='lat' dir='ltr'>ilicem</span> <span class='ocrx_word' id='word_1_531' title='bbox 718 4749 840 4820; x_wconf 74' lang='lat' dir='ltr'>epistolae</span> <span class='ocrx_word' id='word_1_532' title='bbox 865 4769 917 4806; x_wconf 78' lang='lat' dir='ltr'>erre</span> <span class='ocrx_word' id='word_1_533' title='bbox 934 4753 1064 4820; x_wconf 71' lang='lat' dir='ltr'>confictae.</span> <span class='ocrx_word' id='word_1_534' title='bbox 1109 4754 1182 4808; x_wconf 82' lang='lat' dir='ltr'>Unde</span> <span class='ocrx_word' id='word_1_535' title='bbox 1207 4757 1268 4822; x_wconf 86' lang='lat' dir='ltr'>quis</span> <span class='ocrx_word' id='word_1_536' title='bbox 1290 4769 1344 4808; x_wconf 90' lang='lat' dir='ltr'>non</span> <span class='ocrx_word' id='word_1_537' title='bbox 1369 4755 1498 4821; x_wconf 85' lang='lat' dir='ltr'>inteliglt,</span> <span class='ocrx_word' id='word_1_538' title='bbox 1523 4767 1576 4806; x_wconf 89' lang='lat' dir='ltr'>non</span> <span class='ocrx_word' id='word_1_539' title='bbox 1601 4755 1656 4804; x_wconf 90' lang='lat' dir='ltr'>tem</span> <span class='ocrx_word' id='word_1_540' title='bbox 1674 4753 1816 4819; x_wconf 76' lang='lat' dir='ltr'>lngiorum</span> <span class='ocrx_word' id='word_1_541' title='bbox 1834 4761 1914 4816; x_wconf 86' lang='lat' dir='ltr'>quam</span> <span class='ocrx_word' id='word_1_542' title='bbox 1931 4747 1987 4800; x_wconf 85' lang='lat' dir='ltr'>suis</span> 
     </span>
     <span class='ocr_line' id='line_1_39' title="bbox 290 4841 840 4910; baseline 0.009 -19"><span class='ocrx_word' id='word_1_543' title='bbox 290 4841 436 4893; x_wconf 75' lang='lat' dir='ltr'>rationibus</span> <span class='ocrx_word' id='word_1_544' title='bbox 454 4844 558 4892; x_wconf 87' lang='lat' dir='ltr'>motum</span> <span class='ocrx_word' id='word_1_545' title='bbox 579 4844 666 4908; x_wconf 86' lang='lat' dir='ltr'>ipsum</span> <span class='ocrx_word' id='word_1_546' title='bbox 683 4845 840 4910; x_wconf 80' lang='lat' dir='ltr'>judicasset</span> 
     </span>
    </p>

    <p class='ocr_par' dir='ltr' id='par_1_9' title="bbox 1736 4939 1785 5004">
     <span class='ocr_line' id='line_1_40' title="bbox 1736 4939 1785 5004; baseline 0 -20"><span class='ocrx_word' id='word_1_547' title='bbox 1736 4939 1785 5004; x_wconf 71' lang='grc' dir='ltr'>μ</span> 
     </span>
    </p>
   </div>
   <div class='ocr_carea' id='block_1_8' title="bbox 0 0 2330 5880">
    <p class='ocr_par' dir='ltr' id='par_1_10' title="bbox 0 0 2330 5880">
     <span class='ocr_line' id='line_1_41' title="bbox 0 0 2330 5880; baseline 0 0"><span class='ocrx_word' id='word_1_548' title='bbox 0 0 2330 5880; x_wconf 95' lang='lat' dir='ltr'> </span> 
     </span>
    </p>
   </div>
  </div>
 </body>
</html>
