4650 5882
1158 607 1207 682 31

1082 709 1282 726 —u-

333 811 492 876 nocerem
513 811 632 885 avertit,
663 815 693 870 et
718 807 976 883 Ρ1111.6,16,1·2
1010 803 1131 867 daudce
1155 805 1282 866 66161161
1307 807 1399 862 eant
1421 799 1602 864 crudelitati
1621 804 1775 884 nefariae.
1822 809 1923 872 Pauca
1943 809 2033 890 igitur

335 934 364 994 in
392 930 490 992 medio
522 927 738 1008 relinquuntur,
770 947 846 1008 quae
876 924 1001 1005 propria
1031 923 1119 1002 hujus
1149 920 1294 1003 epistolae
1322 919 1424 982 vocari
1453 920 1578 1000 possint,
1611 921 1641 982 16
1664 922 1762 1005 iisque
1787 935 1945 1005 peccatum
1977 936 2034 992 eet.

334 1049 405 1111 Non
426 1047 539 1128 urgebo
558 1046 711 1119 6111616111,
738 1063 815 1122 quae
841 1063 872 1103 ee
892 1043 1092 1104 commoverit.
1135 1044 1322 1122 Quamquam
1342 1056 1458 1112 vereor,
1484 1057 1523 1100 ne
1544 1059 1650 1119 perum
1671 1041 1762 1105 letine
1784 1043 1825 1106 ite
1846 1044 1958 1108 616166
1977 1055 2032 1110 est.

334 1169 531 1230 commovere
551 1161 627 1224 enim
650 1161 806 1223 16661661
828 1169 942 1242 partem
967 1165 1137 1240 usurpatur,
1169 1163 1203 1220 ut
1230 1155 1340 1218 6116111
1361 1153 1550 1232 labefactare,
1577 1163 1628 1220 eut
1650 1159 1690 1220 66
1710 1159 1785 1223 iram
1806 1163 2032 1245 6166166666-

335 1305 403 1348 uem
426 1283 555 1357 incitare,
585 1286 637 1342 aut
662 1278 789 1360 denique
814 1286 959 1340 terrorem
987 1278 1124 1356 injicere:
1155 1273 1242 1336 aliter
1262 1272 1415 1354 quomodo
1439 1273 1499 1335 dici
1526 1276 1630 1355 possit,
1655 1279 1759 1340 nescio
1781 1280 1928 1362 equidem.
1968 1282 2031 1344 Sed

335 1423 397 1466 uon
416 1401 531 1481 urgebo
556 1399 628 1460 hoe:
655 1395 729 1458 illud
750 1416 832 1474 vero,
858 1395 941 1479 quod
963 1403 1009 1457 eet
1029 1401 1068 1456 at
1082 1393 1153 1474 jam
1174 1392 1477 1470 temperemus,
1498 1393 1658 1474 quidesse
1679 1395 1835 1460 dicemus?
1868 1397 1951 1480 Quid
1971 1405 2034 1462 tau·

337 1521 404 1582 dem
427 1519 537 1580 scirent
565 1514 700 1577 homines
723 1520 954 1577 consecuturum
984 1533 1020 1575 ex
1046 1511 1157 1574 virtute
1184 1507 1301 1571 Decimi
1329 1511 1500 1572 commota?
1533 1511 1636 1592 Inepte
1658 1531 1785 1593 prorsus
1805 1515 1879 1578 hoec
1897 1519 2036 1598 apposita

338 1645 408 1702 suut
430 1637 468 1699 eb
491 1633 620 1708 homine,
640 1632 691 1714 qui
712 1632 828 1694 inanem
847 1632 1010 1694 verborum
1032 1649 1139 1694 sonum
1161 1632 1327 1709 quaereret,
1349 1627 1512 1689 sententiae
1532 1629 1711 1696 1666116666.

462 1755 494 1816 16
516 1750 681 1812 honoribus
703 1750 785 1831 ipsis,
807 1749 858 1832 qui
878 1748 1043 1812 Octaviano
1065 1745 1167 1810 tributi
1188 1755 1258 1808 sunt
1279 1763 1297 1804 a
1317 1741 1477 1820 Cicerone,
1498 1747 1612 1824 primus
1634 1751 1749 1812 eratin
1767 1751 1859 1814 leude
1875 1751 2036 1816 momen

338 1872 464 1954 positis,
485 1891 572 1953 quam
589 1867 723 1950 appellet
743 1867 889 1931 hocloco
910 1866 1069 1943 medeam,
1092 1881 1271 1948 quemquam
1293 1881 1354 1924 uon
1374 1861 1414 1924 ita
1434 1863 1553 1926 modica
1569 1875 1646 1945 suut,
1668 1887 1745 1949 queo
1764 1868 1838 1932 dixit
1857 1869 1886 1930 16
1905 1871 2034 1952 Philipp.

339 1991 379 2054 lll
393 1995 422 2052 et
433 1991 491 2062 1V;
519 1988 571 2051 sed
593 1987 700 2050 dixerit
718 1979 852 2062 6161,
874 1992 907 2047 ut
927 2003 1035 2047 666666
1054 1984 1195 2056 6611111611
1227 1981 1264 2042 66
1287 1979 1414 2060 imperio
1433 1980 1556 2047 decreto
1577 1985 1685 2048 deiude
1705 1987 1779 2049 haec
1799 1994 1886 2050 sunt:
1908 1990 2038 2050 Decrevi

338 2111 433 2171 611661
451 2109 622 2188 torperem,
651 2103 738 2186 qued,
768 2123 954 2183 quamquam
971 2101 1131 2164 cruebatur
1152 2103 1204 2164 illi
1221 2107 1320 2168 aetati
1337 2103 1550 2186 honorificum,
1577 2111 1681 2164 tamen
1697 2111 1777 2166 erat
1793 2106 1961 2166 6161611661
1982 2105 2036 2168 hc·

207 2212 209 2220 ’
339 2223 649 2288 benemerentem.
689 2221 773 2292 dimit
793 2221 876 2282 66616
899 2222 1031 2282 estsine
1055 2223 1182 2301 6666116
1208 2225 1381 2286 exercitae?
1419 2225 1453 2285 lu
1474 2222 1520 2284 his
1540 2222 1667 2283 haerens
1686 2222 1837 2284 Manutius
1861 2223 2038 2286 emendabat

339 2345 432 2406 niune
456 2343 669 2422 dononficum,
697 2338 761 2400 sine
789 2357 888 2415 causa,
917 2344 952 2400 ot
976 2338 1115 2421 equidem
1136 2341 1252 2419 judico.
1301 2338 2036 2423 1166166666616116666661660161661166.

342 2461 491 2538 6,16,66
523 2461 637 2520 Demus
661 2458 762 2538 apim
778 2458 940 2538 1666616661
964 2455 1095 2532 cesam
1122 2459 1188 2520 eine
1206 2480 1264 2540 quo
1282 2480 1329 2521 ree
1346 2461 1493 2521 militarie
1510 2457 1736 2531 administrari,
1762 2460 1862 2518 166616·
1877 2461 2037 2536 exercito,

340 2577 451 2640 bellum
467 2578 539 2657 gere·
557 2595 620 2638 nee
632 2582 742 2656 potest.
757 2611 799 2624 -
826 2575 889 2646 out
907 2574 1000 2636 tonos
1019 2595 1204 2654 quemquem
1225 2585 1268 2640 eet
1288 2597 1421 2658 mugnus
1438 2578 1497 2638 illc
1516 2583 1624 2653 aetate,
1646 2583 1749 2636 tornea
1770 2574 1814 2636 cd
1831 2577 2038 2638 meantem

339 2715 444 2757 161616
462 2693 669 2776 gerendorum
685 2695 775 2770 calet,
798 2702 828 2756 et
842 2691 917 2756 Phil.
934 2696 983 2768 11,
999 2695 1028 2769 8,
1046 2694 1087 2755 90
1107 2693 1173 2756 Aue
1186 2698 1337 2758 6661611666
1351 2695 1533 2757 emaum
1550 2703 1609 2756 aet
1624 2695 1785 2774 6166616666
1805 2691 1942 2754 dandum
1951 2692 2037 2775 seit.

342 2814 427 2885 Quae
447 2814 592 2874 ostentm
612 2813 695 2873 roth>
712 2820 771 2872 cet
791 2813 847 2891 qne·
859 2818 960 2891 potest
968 2809 1055 2892 fieri,
1077 2819 1115 2872 ut
1134 2813 1200 2874 riae
1218 2815 1345 2894 imperii>
1367 2821 1508 2874 teneatur
1528 2815 1702 2874 exercitu?
1732 2816 1817 2894 Quae
1835 2813 1902 2892 ipsa
1920 2810 2038 2874 imitans

341 2932 389 2993 hic
412 2929 594 2992 declamator
620 2948 689 2991 cum
715 2928 872 3010 paululum
895 2929 958 2990 suis
979 2928 1092 2991 viribus
1117 2931 1161 2992 uti
1183 2931 1341 3012 coepisset,
1370 2932 1402 2993 in
1423 2923 1556 2992 err-'orem
1577 2929 1688 2990 incidit.
1730 2929 1808 2990 Nem
1829 2929 1880 2989 ille
1900 2930 1978 3007 qaid
1993 2937 2038 2991 est

340 3051 406 3110 sine
430 3047 556 3126 6666166
582 3047 755 3108 6666611661
785 3045 835 3107 vix
860 3046 1013 3128 qnisquam
1040 3047 1161 3110 audebit
1183 3047 1350 3111 defendere.
1392 3048 1550 3112 Exercitus
1569 3045 1689 3129 quidem
1711 3045 1799 3108 etiarn
1823 3044 1888 3108 sine
1908 3045 2036 3126 imperio

343 3174 389 3229 est
414 3163 569 3240 exercitus,
596 3162 652 3224 sed
676 3162 981 3244 166616161616666
1002 3163 1103 3228 nullus
1126 3173 1247 3228 estimo
1270 3174 1369 3248 potest
1389 3167 1554 3230 exercitum
1574 3171 1686 3226 166616.
1728 3163 1830 3245 ltaque
1851 3165 1909 3226 hoc
1929 3162 2036 3244 ipsum,

343 3284 437 3347 teneri
453 3301 515 3345 non
534 3299 624 3361 posse
642 3281 805 3344 exercitum
823 3283 887 3344 sine
905 3281 1039 3362 imperio,
1061 3281 1170 3346 Cicero
1191 3283 1278 3360 locis,
1295 3305 1371 3368 quos
1393 3305 1485 3367 supra
1505 3281 1632 3359 laudavi,
1657 3281 1740 3346 dixit.

467 3401 611 3463 Statuam
632 3399 794 3479 Philippeo
813 3401 950 3462 decreuit.
993 3403 1041 3462 De
1062 3400 1119 3463 hac
1135 3407 1233 3464 statim
1252 3403 1384 3485 equestri
1405 3409 1508 3466 eurota
1528 3398 1693 3462 Octaviano
1711 3400 1831 3462 decreta
1851 3419 1919 3462 cum
1941 3406 2038 3462 teceat

343 3520 461 3596 Cicero,
488 3525 610 3580 6611661
629 3517 707 3596 App.
728 3515 799 3580 bell.
821 3518 876 3581 cie.
896 3519 925 3592 3,
951 3519 1007 3592 513
1036 3517 1143 3598 Vellej.
1165 3523 1194 3596 e,
1216 3523 1266 3596 61,
1294 3522 1348 3583 sed
1369 3542 1387 3584 a
1408 3521 1556 3600 Philippo,
1579 3517 1734 3580 Octaviani
1756 3516 1873 3592 1111166,
1900 3535 1966 3578 6616
1985 3519 2037 3580 66-

344 3647 455 3700 616166
475 3655 542 3698 esse
560 3654 671 3697 novum
689 3641 743 3710 est,
771 3635 823 3698 sed
842 3655 944 3698 verum
964 3636 1011 3700 sit
1048 3638 1126 3699 'l'um
1150 3639 1332 3700 celeritatem
1348 3640 1509 3720 petiu'orea'r
1523 3639 1626 3718 perine
1646 3637 1777 3713 8616166,
1801 3641 1874 3716 poet
1892 3634 2037 3715 majoma

344 3757 436 3816 etatem
457 3753 611 3829 Seur'le'ue,
633 3753 663 3813 16
684 3752 792 3832 quibus
813 3753 903 3834 plura
920 3773 1006 3832 noea,
1023 3755 1080 3817 sed
1101 3773 1164 3816 666
1183 3756 1347 3820 credibilia.
1383 3757 1422 3819 Et
1440 3755 1514 3818 illud
1534 3754 1662 3837 quiden,
1680 3754 1762 3835 quod
1780 3773 1798 3812 6
1814 3751 1922 3814 Servio
1939 3754 2035 3834 prino

344 3870 526 3934 celeritatem
548 3868 699 3950 petitionis
719 3871 840 3933 decreta
863 3889 929 3933 esse
952 3871 1071 3951 dicitur,
1094 3873 1157 3952 jem
1177 3874 1349 3938 ’1666161166
1377 3895 1406 3957 p.
1428 3877 1488 3938 211
1513 3873 1702 3954 reprehendit
1719 3869 1834 3933 merito.
1874 3871 1952 3934 Nam
1971 3871 2034 3934 Cic.

344 3987 417 4052 Phil.
433 3991 460 4065 6,
476 3989 585 4064 17,16,
605 3986 657 4048 ubi
674 3987 831 4068 imperium
850 3988 1016 4053 Octaviano
1034 3990 1178 4066 decernit,
1197 3992 1283 4055 simul
1302 3993 1436 4055 decemit
1455 3999 1624 4054 6666161666
1640 4010 1700 4053 esre
1716 3990 1954 4070 16616611666666
1971 3991 2036 4052 1666

339 4106 496 4188 praetorto
516 4105 615 4165 diem
634 4105 753 4188 qioque
770 4107 929 4184 6611666616,
948 4127 1154 4190 quoniamque
1172 4113 1389 4192 moge'etratron
1400 4117 1525 4191 peteret,
1546 4110 1592 4170 ita
1606 4106 1718 4184 heberi,
1734 4114 1834 4187 protei
1848 4107 1956 4171 haberi
1972 4109 2037 4188 tege

345 4226 456 4300 liceret,
474 4224 504 4283 a·
522 4241 606 4284 ceno
626 4225 780 4302 superiore
798 4231 937 4305 66666161
944 4225 1073 4304 faciut,
1091 4247 1187 4309 eaque
1207 4228 1346 4290 6661166
1365 4227 1568 4291 excusandum
1587 4226 1672 4290 illum
1687 4223 1860 4286 inusitetum
1879 4227 2035 4303 1166616111,

346 4348 379 4406 61
397 4346 539 4423 appareat
557 4361 576 4402 a
595 4342 742 4405 Cicerone
763 4343 862 4422 primo
882 4363 949 4404 eam
967 4345 1143 4408 6661661166
1164 4345 1272 4408 616166
1294 4365 1370 4424 esse,
1397 4353 1431 4410 ut
1452 4355 1519 4408 6616
1542 4344 1705 4426 legitimum
1725 4347 1844 4424 tempus
1865 4344 2032 4407 06166666

345 4461 475 4524 honores
495 4464 598 4538 petere
618 4458 731 4523 liceret.
773 4463 811 4523 Ut
832 4461 890 4522 hoc
911 4461 1027 4537 161666,
1053 4461 1122 4524 1166
1140 4463 1223 4542 illud,
1246 4464 1328 4547 quod
1349 4463 1386 4526 eb
1405 4464 1534 4527 Servilio
1557 4465 1636 4544 (1.6.
1656 4463 1690 4526 Ρ.
1712 4461 1798 4523 Vatis
1819 4463 1962 4539 16661166,
1986 4479 2034 4538 66,

346 4579 398 4662 qui
425 4595 514 4658 saepe
538 4597 558 4638 a
577 4577 724 4640 Cicerone
749 4577 781 4638 16
800 4578 972 4659 Philippicis
993 4584 1257 4660 commemoretur)
1288 4582 1432 4663 mcjmem
1451 4583 1637 4645 6616616166
1665 4579 1813 4644 honorum
1836 4578 2035 4660 petendorum

348 4695 496 4758 decretam
523 4713 588 4758 esse
614 4695 692 4758 dicit
740 4695 856 4758 Etenim
882 4695 921 4758 ab
949 4697 1016 4778 ipso
1043 4698 1191 4762 Cicerone
1216 4698 1369 4762 decretum
1396 4719 1463 4762 esee
1491 4699 1628 4773 11611666,
1653 4705 1687 4761 61
1709 4701 1841 4762 honores
1869 4696 2035 4760 Octaviano

348 4819 450 4896 petere
470 4813 580 4890 liceret,
602 4812 685 4895 quasi
705 4831 783 4876 6666
802 4813 958 4892 superiore
979 4816 999 4878 i.
1020 4835 1045 4878 e.
1067 4817 1170 4880 aetatis
1192 4835 1264 4880 suae
1285 4817 1510 4900 undevigesimo
1531 4823 1672 4899 quaestor
1691 4817 1806 4880 luisset.
1840 4815 1907 4876 lem
1926 4814 2035 4880 Cicero
