4650 5882
1085 641 1285 754 —as-

334 848 498 912 euenisset.
541 843 602 908 Sed
621 841 840 926 praetermissis
862 841 907 904 his
927 840 1117 918 declamator,
1141 848 1300 924 postquam
1321 841 1513 905 sententiolas
1538 843 1697 908 nonnrrllas
1718 853 1841 928 mgutas
1860 853 2032 932 composuit

335 985 391 1028 nec
412 963 505 1026 ullam
527 970 638 1024 certem
664 979 728 1024 rem
755 959 1012 1036 commemoravit,
1039 965 1183 1039 properat
1208 958 1247 1022 ad
1274 957 1376 1022 locum
1399 960 1553 1041 egregium
1580 981 1653 1026 sane
1681 963 1814 1044 inlausta
1835 967 1973 1030 oratione
1994 965 2033 1030 ad

337 1080 623 1146 commiserationem
639 1077 825 1155 movendam,
846 1076 900 1140 sed
922 1077 973 1160 qui
994 1075 1024 1138 iu
1053 1095 1088 1138 ea
1107 1075 1304 1140 familiarium
1324 1076 1528 1158 epistolarum,
1551 1099 1640 1160 quarn
1661 1081 1739 1146 inter
1758 1084 1884 1146 Brutum
1905 1093 1936 1147 et
1954 1085 2033 1146 iuter

337 1199 514 1262 Ciceronem
534 1197 722 1260 intercedere
747 1196 917 1278 oportebat,
939 1195 1066 1259 inveniri
1085 1213 1147 1256 uon
1172 1195 1279 1275 potuit.
1330 1193 1438 1277 Neque
1457 1213 1532 1258 vero
1553 1195 1619 1277 ipsa
1639 1217 1698 1274 res,
1729 1200 1768 1264 de
1796 1221 1856 1283 qua
1875 1199 1962 1264 locus
1982 1201 2033 1264 ille

337 1317 414 1379 rnale
437 1315 583 1378 conflatus
602 1321 657 1394 est,
677 1321 729 1377 aut
749 1315 855 1378 tradita
876 1315 915 1378 ab
933 1311 996 1378 ullo
1017 1311 1078 1376 alio
1106 1317 1158 1374 aut
1184 1331 1241 1393 per
1264 1331 1298 1374 se
1318 1311 1384 1392 ipsa
1404 1313 1578 1394 probabilis.
1621 1315 1739 1378 Dicitur
1757 1319 1836 1380 euim
1863 1317 1903 1382 de
1930 1315 2034 1380 liberis

338 1435 453 1516 Lepidi,
478 1451 564 1516 quos,
583 1453 650 1495 cum
671 1439 756 1512 pater
774 1431 868 1496 hostis
884 1431 1036 1512 judicatus
1056 1431 1194 1512 bonaque
1215 1427 1367 1511 publicata
1384 1437 1491 1509 essent,
1512 1430 1675 1513 splendore
1693 1434 1830 1498 fortunae
1852 1435 1964 1516 privari
1982 1453 2033 1496 ne·

338 1571 423 1614 cesse
445 1559 516 1614 erat.
560 1549 651 1632 Quod
674 1551 699 1612 si
720 1549 786 1630 ipse
806 1549 989 1612 declamator
1007 1548 1079 1612 dicit
1099 1559 1130 1610 et
1150 1547 1302 1630 antiquum
1314 1565 1381 1610 ease
1402 1553 1433 1610 et
1453 1548 1586 1612 omnium
1607 1551 1858 1629 civitatumaddo
1878 1553 1921 1614 ita
1941 1551 2034 1614 luisse

338 1669 461 1734 solitum
486 1675 516 1731 et
535 1667 746 1742 necessarium,
766 1673 800 1730 ut
825 1666 898 1729 nibil
920 1684 1047 1748 prorsus
1073 1666 1110 1729 de
1139 1685 1178 1728 eo
1202 1663 1292 1728 talem
1319 1664 1439 1747 quidem
1460 1665 1492 1728 in
1511 1666 1633 1730 modum
1654 1667 1714 1731 dici
1736 1675 1900 1750 oporteret.
1943 1672 2034 1732 Com-

338 1789 492 1850 nrendaret
510 1805 581 1848 sane
603 1783 717 1848 sororia
738 1785 852 1848 liberos
872 1783 1013 1846 Ciceroni
1035 1785 1075 1848 lli.
1095 1785 1223 1858 Brutum
1242 1789 1277 1845 ut
1302 1782 1465 1846 crudeliter
1488 1783 1519 1846 in
1539 1805 1593 1849 eos
1613 1786 1661 1868 agi
1681 1785 1863 1850 existimw
1879 1794 1931 1850 aut
1951 1785 2034 1868 quio-

339 1925 427 1988 quam
451 1903 559 1966 mutari
579 1901 676 1980 vellet,
698 1903 764 1966 lieri
784 1921 846 1965 non
865 1901 971 1983 potuit.
1012 1901 1079 1966 Neo
1100 1902 1131 1964 in
1151 1899 1186 1964 C.
1206 1899 1312 1978 Cassii,
1341 1921 1432 1984 quem
1459 1902 1529 1964 item
1549 1903 1665 1985 Lepido
1686 1904 1807 1967 affinem
1828 1903 1921 1967 fuisse
1941 1921 2034 1984 supra

340 2023 451 2086 dictum
472 2029 527 2096 est,
546 2019 584 2084 ad
603 2019 781 2084 Ciceronem
804 2018 949 2100 epistolis,
972 2039 1048 2102 quae
1071 2018 1187 2102 aliquot
1207 2027 1376 2100 supersunt,
1405 2019 1442 2082 de
1468 2019 1575 2100 Lepidi
1601 2020 1704 2084 liberis
1727 2027 1780 2084 aut
1800 2019 1831 2082 in
1850 2023 1891 2084 bl.
1911 2019 2034 2083 Antonii

338 2141 441 2204 liberis
461 2141 499 2204 ab
522 2139 586 2217 ejus
607 2137 708 2199 amicis
730 2135 860 2199 incusari
882 2145 912 2198 et
933 2157 952 2199 a
972 2135 1121 2199 Cicerone
1141 2135 1260 2198 delendi
1281 2135 1371 2200 video
1392 2135 1473 2198 illam
1500 2143 1649 2221 tamquam
1670 2138 1884 2201 crudelitatem.

464 2257 520 2320 Ubi
542 2255 661 2320 taudem
683 2255 719 2331 is,
739 2253 862 2334 quibas
885 2253 1002 2317 litteras
1023 2253 1153 2336 scripsit,
1172 2253 1318 2316 absolutis
1343 2252 1388 2330 iis,
1413 2275 1489 2338 quae
1511 2273 1549 2317 ex
1569 2256 1723 2318 rhetorum
1743 2255 1912 2338 praeceptis
1931 2257 2034 2320 ormari

339 2383 368 2438 et
397 2375 570 2456 amplificari
591 2378 738 2454 poteraut,
772 2371 849 2434 redit
875 2371 913 2434 ad
938 2372 1069 2434 sobriam
1094 2390 1195 2433 rerum
1216 2369 1430 2450 narrationem,
1452 2371 1595 2435 continuo
1624 2369 1821 2450 demonstrat,
1848 2379 2034 2456 quantopere

338 2514 400 2556 non
425 2492 516 2554 modo
536 2489 696 2565 latinitatis,
716 2488 771 2552 sed
789 2489 940 2571 cogitandi
965 2488 1068 2570 legum
1095 2495 1127 2550 et
1150 2488 1316 2570 elegantiae
1342 2487 1496 2571 imperitus
1517 2490 1563 2554 sit.
1606 2489 1718 2552 Scribit
1738 2489 1817 2552 enirn
1835 2489 1896 2554 sice
1933 2488 2034 2554 Habea

338 2611 490 2671 rationem
509 2627 648 2669 meomam
669 2609 899 2684 sententiarum,
925 2607 962 2670 de
987 2607 1176 2687 sucgerere
1200 2607 1367 2668 dumtamat
1390 2607 1514 2670 honoris
1539 2615 1570 2670 et
1588 2627 1714 2690 poenum
1763 2607 1845 2670 Nam
1866 2608 1903 2669 de
1928 2607 2034 2670 ostam

340 2724 427 2788 reduc
443 2725 520 2807 quid
534 2725 674 2787 smen'm
696 2725 828 2806 qualique
848 2725 1024 2802 summm,
1046 2723 1166 2786 audam
1185 2731 1214 2786 te
1230 2722 1374 2787 arbitror.
1416 2725 1512 2804 Quasi
1534 2743 1607 2788 vero
1628 2733 1679 2790 aut
1699 2726 1737 2789 de
1757 2723 1924 2788 bonoribus
1944 2723 2034 2786 etde

341 2845 458 2928 poenis,
478 2863 551 2928 quas
573 2841 732 2905 sententias
745 2841 854 2904 Cicero
877 2841 1000 2919 dixerat,
1022 2861 1083 2904 non
1108 2841 1255 2904 audiverit
1266 2843 1307 2904 Μ.
1320 2843 1440 2918 Brutus,
1452 2842 1491 2905 ad
1510 2863 1599 2925 quem
1619 2849 1686 2906 acta
1704 2849 1824 2906 senators
1843 2841 2034 2905 mittebantur

342 2961 420 3042 (Cio.
439 2961 534 3041 Epist.
560 2961 608 3037 12,
631 2961 651 3023 8
673 2966 703 3022 et
718 2961 753 3038 9)
776 2968 827 3021 aut
848 2959 917 3022 ideo
937 2964 1078 3039 suscepta
1095 2960 1186 3021 fuerit
1213 2961 1287 3023 haec
1316 2957 1494 3040 disputatio,
1522 2967 1556 3022 ut
1582 2961 1709 3040 primum
1739 2961 1857 3022 audiret
1875 2959 1935 3036 ille,
1956 2976 2035 3040 quae

341 3089 410 3143 ante
431 3078 628 3159 ignoraverat
656 3076 752 3139 Porro
767 3075 916 3138 comicum
930 3080 1060 3157 potitam,
1078 3095 1140 3139 non
1153 3076 1235 3139 serio
1249 3077 1427 3140 scribentem
1438 3076 1615 3140 Ciceronem
1634 3076 1750 3153 decent,
1763 3093 1840 3158 quae
1853 3080 2033 3157 mquuntur:

340 3196 402 3262 Sed
417 3194 490 3257 hacc
508 3191 627 3274 quidem
645 3193 678 3274 (i
699 3213 726 3258 e.
749 3193 858 3274 opinor
877 3213 921 3272 ea,
948 3213 1026 3277 quae
1045 3191 1083 3255 de
1104 3193 1218 3258 ratione
1239 3195 1388 3257 bonorum
1412 3200 1442 3256 et
1461 3213 1627 3277 poenarum
1650 3192 1763 3274 scripta
1782 3192 1881 3274 erant)
1903 3209 1968 3253 non
1986 3193 2034 3252 alo

341 3314 526 3394 mensatim
547 3310 630 3372 illud
646 3311 736 3374 coldo
752 3313 965 3388 moerentium,
986 3313 1092 3389 Bnate,
1119 3319 1148 3374 te
1167 3314 1203 3374 in
1230 3313 1357 3376 ltaliam
1382 3331 1454 3374 casm
1474 3313 1611 3374 amedu
1637 3312 1741 3374 uenire
1771 3329 1864 3391 mm
1881 3309 2031 3391 pruinam

342 3433 442 3516 Atque
460 3430 530 3493 huic
552 3429 701 3511 principio
729 3429 876 3494 simillima
904 3437 974 3492 eunt
998 3429 1127 3512 reliqua,
1153 3449 1229 3513 quae
1255 3429 1293 3492 de
1319 3429 1495 3494 necessitate
1523 3429 1626 3492 auxilii
1647 3427 1764 3492 ferendi
1784 3427 1932 3504 dicuutur,
1955 3443 2032 3509 quae

342 3549 420 3614 unde
439 3549 537 3612 efficta
559 3547 619 3610 sint
639 3554 669 3610 et
689 3546 843 3630 quomodo
863 3546 894 3608 iu
915 3545 951 3609 iis
974 3546 1149 3627 effingendis
1169 3553 1324 3628 peccatum
1342 3547 1391 3624 sit,
1410 3566 1472 3610 non
1492 3547 1613 3610 dillicile
1625 3553 1672 3612 est
1686 3547 1900 3608 demonstrare.
1933 3543 2033 3606 Prima

343 3668 416 3730 haec
443 3672 514 3742 sunt
544 3665 659 3736 Quodsi
682 3665 810 3729 Itala'aam
839 3665 988 3744 stupet,
1017 3663 1062 3726 ad
1084 3673 1113 3726 te
1138 3684 1303 3727 concauam
1317 3665 1381 3746 fiet
1403 3666 1551 3728 munium.
1602 3666 1685 3728 llaec
1701 3666 1781 3728 iacta
1799 3660 1964 3724 secuudum
1986 3680 2031 3740 ea,

344 3803 420 3868 quae
439 3781 578 3863 leguntur
598 3783 628 3845 in
651 3781 807 3846 Ciceronis
829 3779 956 3862 epistola
974 3781 1013 3844 ad
1038 3781 1174 3845 Cassium
1194 3781 1299 3863 (Epist.
1324 3773 1372 3862 12,
1391 3784 1421 3862 6,
1440 3783 1491 3863 2):
1518 3783 1556 3846 D.
1578 3784 1690 3866 Brutus
1710 3784 1740 3844 ri
1754 3787 1948 3844 commeatu
1964 3781 2032 3858 eit,

343 3903 478 3978 nimium
497 3901 548 3960 ain
567 3935 609 3948 -
628 3901 710 3981 quod
725 3919 812 3963 omen
832 3899 879 3961 dai
896 3905 1041 3960 auertunt
1053 3929 1091 3944 —
1102 3899 1201 3961 amau
1220 3902 1359 3964 munium
1378 3919 1486 3962 maara
1502 3907 1548 3962 eat
1567 3900 1612 3962 ad
1626 3920 1686 3980 cor,
1708 3897 1870 3979 eademque
1890 3915 2033 3978 expressa

344 4025 413 4082 sunt
443 4016 473 4079 in
497 4015 625 4098 epistola
647 4016 762 4080 decima
791 4016 857 4080 libr.
882 4015 904 4079 l.
926 4015 964 4077 ad
985 4017 1121 4081 Brutum.
1166 4018 1244 4079 Tum
1266 4023 1433 4101 sequuntur
1455 4016 1546 4080 baeer
1589 4017 1659 4080 Siue
1677 4017 1759 4080 maur
1781 4015 1942 4076 mmm
1960 4015 2034 4094 (qui

343 4134 461 4218 quadem
474 4131 683 4216 pulcherrime
695 4138 873 4212 sumamus,
890 4135 955 4196 orii
964 4133 1098 4215 ramum
1110 4134 1239 4215 pedm
1253 4136 1358 4198 ωηηία
1376 4143 1407 4198 et
1421 4135 1527 4214 peru'm
1545 4135 1608 4216 apae
1624 4154 1696 4198 cram
1709 4133 1773 4194 mai
1789 4131 2030 4214 concupivisset),

345 4261 400 4315 tua
421 4249 505 4314 nubib
522 4253 705 4314 auctoritate
726 4271 801 4334 opus
819 4260 865 4315 eat
884 4251 928 4316 ad
943 4251 1153 4314 collocandum
1172 4252 1305 4331 aliquan
1325 4251 1459 4316 eicitaoi
1478 4259 1608 4316 statum:
1634 4253 1696 4314 siue
1714 4250 1807 4312 aarum
1826 4269 1912 4312 nuuc
1931 4257 2030 4312 certo-

343 4390 413 4434 mm
431 4370 583 4450 reliquum
603 4376 654 4445 eat,
673 4371 812 4432 mambra
829 4389 893 4450 apes
911 4376 954 4431 ert
971 4387 1041 4431 oron
1060 4369 1096 4431 in
1115 4371 1301 4432 auctoritate
1319 4376 1376 4433 tara
1395 4375 1461 4431 tram
1481 4367 1754 4432 assectantur·
1770 4365 1894 4432 carabus
1919 4367 2029 4431 Omnia

343 4489 417 4552 lucc
443 4505 584 4570 expressa
616 4505 682 4550 esse
704 4493 829 4568 apparet
855 4507 892 4549 ex
919 4487 964 4565 iis,
993 4507 1070 4570 quae
1095 4505 1186 4550 verus
1215 4485 1324 4550 Cicero
1356 4485 1460 4549 scribit
1484 4487 1524 4550 ad
1545 4485 1682 4550 Cassium
1708 4485 1812 4567 (Epist
1834 4487 1882 4564 12,
1904 4485 1952 4563 10,
1976 4477 2028 4564 il:

342 4624 523 4688 musonem
545 4611 615 4669 erat
632 4605 760 4682 ciuitati,
780 4612 817 4664 ut
836 4605 925 4666 illum
947 4603 1162 4686 (Dolabellam)
1172 4605 1243 4687 jam
1261 4624 1432 4686 oppressum
1451 4623 1553 4668 omnes
1572 4601 1808 4683 arbitrarentur,
1828 4611 1856 4666 te
1872 4607 1975 4665 aedan
1992 4602 2029 4664 in

343 4725 468 4788 Italiam
481 4726 584 4788 vende
599 4742 669 4786 mou
690 4722 834 4800 eremas
854 4729 902 4798 ot,
927 4723 958 4784 si
977 4720 1051 4786 hace
1075 4743 1115 4786 ea
1134 4723 1285 4786 sentence
1307 4723 1449 4804 confuta
1466 4729 1570 4802 earmt,
1590 4721 1717 4785 conula'o
1735 4729 1827 4804 utque
1843 4719 2028 4784 assimilata
