4650 5882
1135 607 1162 680 5

1048 703 1248 718 m

425 805 492 867 Jam
515 804 550 865 C.
568 802 603 866 F.
620 802 808 865 llermannus
829 821 898 864 cum
924 802 956 865 in
975 821 1082 866 causas
1111 804 1198 883 hujus
1227 801 1423 866 damnationis
1447 804 1619 886 inquireret,
1648 811 1737 884 atque
1760 801 1791 863 in
1808 800 1994 874 latinitatem,

301 941 378 1007 quae
399 921 496 1003 prima
515 939 548 982 se
566 919 653 982 otiert
675 919 795 1001 legenti,
817 919 949 984 aninmm
968 920 1152 996 advertisset,
1175 921 1344 984 necessario
1367 921 1478 984 metam
1499 928 1556 997 est,
1582 929 1617 985 ut
1640 921 1671 982 iu
1691 917 1901 982 Marklandum
1923 916 1997 980 inci·

302 1041 395 1117 deret,
416 1041 502 1120 qu'us
523 1037 668 1102 rationem
690 1037 741 1120 qui
760 1037 886 1117 noverit,
909 1057 971 1100 non
992 1038 1158 1116 mirabitur,
1188 1037 1282 1102 multa
1301 1037 1346 1100 illi
1369 1039 1399 1100 in
1427 1059 1466 1102 eo
1487 1039 1684 1121 displicuisse.
1726 1037 1781 1098 Est
1800 1035 1880 1098 euim
1899 1053 1938 1096 ex
1958 1051 1997 1096 eo

301 1176 411 1237 gauere
432 1148 621 1231 criticorum,
653 1155 706 1237 qui
732 1161 847 1218 tanturn
866 1154 1050 1236 intelligunt,
1074 1163 1108 1218 ut
1126 1157 1168 1232 tiu
1190 1156 1267 1218 locis
1291 1154 1512 1222 difficilioribus
1542 1158 1706 1232 offendant,
1727 1155 1864 1218 sednon
1889 1150 1998 1215 iutelli-

301 1283 376 1360 gunt
397 1285 521 1352 nurum,
542 1281 575 1336 ut
594 1293 682 1336 suum
703 1273 812 1354 cuique
831 1272 1059 1356 relinquendum
1076 1293 1144 1337 esse
1169 1273 1298 1336 videant.
1335 1279 1437 1356 Quare
1466 1275 1536 1337 dom
1567 1275 1667 1337 omnia
1696 1273 1734 1336 ad
1756 1291 1846 1336 unam
1866 1276 1897 1334 et
1913 1287 1998 1332 suam

300 1413 437 1458 normam
456 1393 645 1456 conformare
666 1388 783 1466 volunt,
804 1391 845 1468 tit,
866 1397 901 1454 ut
918 1409 955 1452 ex
976 1390 1080 1454 decem
1098 1391 1363 1468 emendationibus,
1385 1411 1459 1478 quas
1479 1396 1663 1474 proponunt,
1685 1391 1736 1453 vix
1752 1409 1812 1452 una
1833 1394 1885 1452 aut
1905 1386 1999 1448 altera

304 1511 522 1592 probabilitatis
548 1509 678 1590 aliquam
706 1507 838 1590 speciem
865 1508 973 1572 babeat
990 1510 1028 1589 ¹).
1071 1507 1199 1574 Accedit
1225 1509 1307 1593 quod
1326 1509 1442 1574 nullum
1461 1509 1635 1573 criticorum
1657 1527 1751 1590 genus
1771 1506 1849 1570 solet
1868 1525 1934 1568 esse
1952 1523 1999 1566 ar·

304 1629 472 1708 rogantium
502 1645 571 1690 nam
593 1647 661 1690 cum
680 1625 738 1707 ipsi
757 1625 866 1688 sentire
889 1625 1054 1706 videantur,
1075 1627 1249 1710 quantulum
1280 1628 1459 1708 argumentis
1480 1627 1614 1705 valeant,
1643 1625 1817 1689 demiraudo
1841 1629 1871 1686 et
1890 1621 1998 1686 stultos

303 1745 491 1827 appellando,
512 1745 538 1807 si
559 1743 610 1825 qui
626 1743 712 1806 aliter
723 1742 861 1822 judicare
882 1744 1027 1820 audeant,
1050 1743 1195 1806 rationem
1222 1746 1306 1828 quasi
1325 1753 1439 1810 terrere
1465 1765 1500 1808 ac
1521 1746 1643 1808 vincere
1663 1745 1890 1808 consueverunt
1918 1741 1999 1801 llaec

302 1863 394 1945 igitur
412 1870 442 1926 et
465 1861 681 1924 dubitationem
697 1862 808 1939 justam
829 1868 860 1924 et
880 1863 1068 1926 stomachum
1086 1868 1244 1926 moverunt
1263 1865 1442 1940 Hermanno,
1471 1872 1504 1927 ut
1532 1863 1670 1945 injuriam
1691 1863 1798 1925 lectam
1824 1877 1890 1922 esse
1915 1855 2000 1918 Cice-

301 1982 371 2044 roni
391 1977 593 2054 arbitraretur,
612 1979 735 2059 ejusque
754 1997 875 2042 causam
897 1978 996 2042 denuo
1015 1979 1171 2060 suscipere
1191 1989 1343 2045 stanteret
1363 1986 1462 2064 Quem
1483 1982 1553 2044 dum
1573 1982 1672 2044 acrius
1690 1977 1854 2054 adciscitur,
1874 1974 1953 2038 idem
1971 1973 2000 2034 ei

303 2098 424 2160 videtur
444 2115 535 2177 saepe
553 2095 706 2174 accidisse,
726 2094 809 2177 quod
829 2095 859 2158 in
876 2095 1054 2160 Marklando
1071 2097 1260 2178 vituperavit,
1285 2105 1318 2162 nt
1346 2099 1444 2162 minus
1470 2108 1552 2164 recte
1574 2099 1724 2178 judiearet
1744 2113 1838 2177 eaque
1860 2090 2001 2176 ciceroni

304 2214 458 2289 tribueret,
486 2233 563 2296 quae
583 2212 621 2274 ab
639 2231 677 2274 eo
697 2213 835 2293 proiecta
854 2232 921 2276 esse
942 2224 1102 2298 nequeunt.

431 2334 512 2394 llaec
540 2335 695 2412 autequam
724 2329 783 2411 ipsi
812 2337 946 2394 nostram
977 2331 1014 2394 de
1045 2331 1189 2394 latinitate
1209 2335 1314 2396 harum
1337 2334 1529 2416 epistolarum
1552 2334 1783 2416 disputationem
1805 2329 2001 2404 instituamus,

306 2467 527 2531 persequemur,
555 2448 596 2509 ita
615 2447 745 2528 quidem,
768 2454 801 2511 ut
828 2449 995 2512 secundum
1019 2449 1155 2512 ordinem
1177 2450 1271 2514 libelli
1296 2453 1520 2530 llermauniani,
1557 2473 1634 2537 quae
1659 2459 1740 2515 recte
1761 2449 1792 2510 in
1814 2467 1853 2510 eo
1877 2446 2001 2508 detensa

306 2586 371 2630 esse
393 2566 601 2640 existimemus,
619 2569 844 2645 praetereamus
863 2564 1041 2648 silentioque
1060 2568 1144 2650 quasi
1162 2570 1401 2650 comprobemus
1420 2592 1456 2634 ea
1473 2572 1575 2650 modo,
1610 2589 1687 2653 quae
1707 2564 1899 2632 Marklandus
1910 2537 2000 2624 ⁸recte

303 2684 439 2748 videatur
457 2683 643 2759 observasse,
665 2682 767 2744 denuo
788 2683 995 2746 examinemus.

429 2802 462 2862 ln
488 2799 617 2880 epistola
638 2799 961 2882 duodevigesima
982 2802 1070 2882 primi
1091 2803 1160 2867 libri
1181 2805 1338 2869 consilium
1361 2809 1445 2890 quasi
1467 2808 1619 2890 quoddam
1644 2805 1774 2868 habitum
1794 2820 1860 2864 esse
1879 2798 2001 2880 tingitur

303 2918 384 3000 apud
408 2924 531 2980 matrem
552 2918 592 2978 lli.
611 2917 707 2994 Bruti,
729 2924 828 2980 utrum
851 2919 923 2982 utile
944 2929 1024 2983 esset
1044 2941 1113 2984 euru
1133 2922 1164 2985 in
1187 2923 1299 2986 ltaliam
1315 2946 1384 2988 cum
1404 2927 1537 2990 exercitu
1556 2925 1695 2988 celeriter
1713 2920 1853 2985 advenire
1874 2936 1932 2980 nec
1951 2933 1998 2977 ue.

305 3037 349 3098 lbi
367 3037 440 3096 haec
459 3041 544 3096 sunt:
564 3033 608 3094 At
627 3033 685 3095 r'lla
704 3033 734 3112 (i.
760 3055 786 3099 e.
807 3043 901 3098 mater
919 3037 1019 3119 Bruti)
1048 3041 1157 3101 retulit
1175 3043 1379 3124 qunem‘uitquc
1402 3043 1551 3124 quidnam
1577 3043 1658 3106 milri
1675 3043 1846 3105 videretur:
1874 3052 2001 3098 arcesse

307 3171 444 3212 ramanae
469 3159 497 3212 te
518 3159 608 3230 utque
628 3150 665 3212 a'd
681 3149 740 3214 avii
755 3153 922 3216 conducere
937 3163 1119 3236 putaremus
1144 3159 1333 3222 actardum
1352 3169 1384 3222 et
1406 3164 1592 3226 commorari
1612 3169 1640 3224 te
1662 3161 1771 3223 melius
1790 3163 1870 3219 esset.
1908 3153 1941 3214 ln
1962 3169 1999 3212 eo

305 3269 377 3338 loco
397 3267 588 3330 ltlarldandus
608 3289 637 3348 p.
662 3269 720 3332 lit
746 3271 929 3352 vituperaret
958 3292 1046 3336 usum
1070 3275 1155 3338 verbi
1181 3277 1324 3356 tardandi,
1355 3281 1436 3360 quod
1457 3281 1584 3360 negabat
1603 3280 1684 3360 apud
1705 3277 1800 3342 ullum
1821 3272 1999 3353 scriptorem

305 3386 429 3448 latinum
455 3391 524 3446 ante
549 3384 702 3447 saeculum
720 3387 783 3451 iere
802 3387 922 3451 tertium
942 3389 1125 3454 intransitive
1146 3392 1213 3459 dici
1256 3393 1369 3458 Contra
1390 3397 1575 3462 Hermannus
1594 3417 1624 3478 p.
1642 3401 1681 3460 tr
1705 3397 1803 3477 ipsum
1822 3392 2000 3455 Ciceronem

304 3503 476 3578 adstes,
504 3505 532 3580 7,
555 3505 574 3564 2
595 3502 777 3568 intransitive
805 3505 915 3570 dixisse
945 3506 1121 3588 disputavit:
1169 3513 1221 3574 Pu
1238 3519 1342 3576 tamen
1368 3517 1455 3576 mitte
1478 3515 1565 3592 mebi,
1588 3535 1705 3594 quaeso,
1732 3511 1850 3576 alcum
1870 3508 2000 3582 litteras,

304 3619 460 3701 numquid
471 3629 564 3702 preter
588 3619 770 3701 republicae
788 3625 913 3685 nocane
931 3625 1120 3690 tardandum
1138 3649 1198 3691 csse
1218 3628 1303 3693 nobis
1315 3631 1355 3710 ²).
1401 3634 1445 3695 lta
1469 3633 1683 3696 demonstravit
1703 3631 1752 3695 ille
1782 3627 1910 3711 quidem,
1933 3621 1999 3684 lati·

306 3847 400 3911 potnit,
421 3847 450 3894 ut
469 3843 531 3894 inde
549 3847 633 3894 totam
654 3845 839 3897 sententiolam
858 3851 991 3910 sumerat;
1011 3864 1061 3903 nec
1073 3851 1097 3903 ai
1115 3853 1142 3903 iu
1160 3867 1244 3918 parva
1258 3855 1346 3920 aliqua
1358 3856 1470 3920 epistola
1486 3869 1627 3920 exgenere
1646 3851 1928 3906 commendatitiarum
1945 3861 1999 3898 non

307 3939 512 4001 espencaeum,
532 3937 662 4000 sequitur,
680 3940 710 3988 ut
729 3951 744 3987 a
761 3937 889 3990 Cicerone
908 3941 1029 4004 prolecta
1048 3945 1091 3998 sit.
1128 3944 1182 3996 Cur
1200 3947 1270 3997 enim
1289 3961 1342 3998 ocu
1360 3951 1447 4012 possit
1466 3949 1558 4014 aliquis
1579 3960 1680 4012 paucos
1706 3958 1802 3997 versus
1819 3946 1855 3994 ita
1872 3940 1998 4000 scribere,

308 4034 338 4080 ut
355 4029 426 4080 lraus
444 4028 620 4080 animadverti
637 4031 775 4093 nequeat?

456 4142 480 4208 1)
499 4145 555 4196 lloo
583 4144 666 4198 luisse
687 4146 830 4198 llarllondi
857 4147 990 4213 ingenium
1013 4152 1071 4218 lpse
1098 4153 1266 4206 Hermaouns
1293 4156 1460 4210 demonstrat
1476 4171 1501 4221 p.
1521 4154 1545 4208 Β.
1592 4157 1670 4220 Quod
1695 4157 1794 4207 utinam
1817 4155 1841 4206 ei
1858 4152 1999 4203 crederent

306 4248 401 4286 omnes
420 4236 470 4286 viri
485 4236 565 4298 docti,
583 4238 769 4304 imprimisque
786 4240 885 4302 Batavi,
904 4241 938 4292 ad
958 4256 1025 4308 quos
1048 4259 1121 4297 nunc
1146 4247 1189 4298 illa
1212 4248 1316 4299 licentia
1338 4251 1440 4310 critica,
1464 4252 1524 4314 ipso
1552 4253 1672 4314 tempore
1690 4251 1770 4301 auctu
1790 4252 1818 4298 et
1832 4243 1998 4308 amplificate,

305 4328 414 4380 videtur
432 4330 594 4392 pervenisse.
638 4330 703 4384 Nom
727 4335 802 4383 certe
820 4333 927 4400 Virgilio
944 4335 1160 4402 Peerlkampiano
1184 4340 1245 4390 nihil
1269 4344 1360 4406 potest
1382 4343 1493 4408 cogitmi
1513 4343 1597 4406 magis
1616 4341 1796 4402 temerarium,
1818 4339 1846 4388 in
1868 4349 1920 4402 (1¹1⁰
1939 4333 1999 4398 <luis

305 4434 359 4472 uou
380 4419 472 4472 doleat
490 4423 593 4471 tantum
614 4422 694 4474 studii
711 4425 869 4489 tantumque
886 4427 1015 4480 acuminis
1035 4434 1225 4495 consumptum
1246 4446 1313 4496 esse,
1332 4438 1362 4485 ut
1380 4437 1433 4485 tam
1449 4435 1511 4484 nihil
1531 4433 1701 4486 alliceretur?

457 4534 484 4600 9)
502 4537 580 4600 Quod
591 4539 710 4601 ejusdem
722 4541 761 4591 rel
775 4553 858 4593 causa
870 4543 959 4608 virgil.
974 4545 1035 4597 Aen.
1047 4543 1087 4610 10,
1099 4544 1150 4598 57:
1166 4546 1250 4600 staret
1265 4548 1314 4602 loc
1330 4549 1415 4600 diem
1435 4549 1535 4602 attollit
1550 4551 1578 4602 ia
1591 4565 1695 4617 aquom
1710 4565 1737 4598 ae
1753 4547 1845 4614 femor,
1863 4549 1888 4594 θ’
1906 4555 1998 4608 lm·

307 4641 381 4693 qaam
395 4627 434 4678 aia
451 4625 507 4678 olto
528 4627 631 4682 minere
647 4631 742 4696 tardat,
761 4631 831 4683 baud
844 4632 954 4699 dq'actaa
974 4651 1063 4702 equam
1079 4637 1230 4704 daeijabat,
1251 4631 1328 4694 alleri
1336 4643 1512 4706 dermannus,
1530 4643 1672 4708 dupliciter
1690 4644 1779 4694 miuus
1802 4641 1876 4690 reolo
1893 4633 1998 4686 videtur

308 4717 402 4772 laoere.
433 4721 507 4786 Nam,
527 4723 552 4774 si
568 4723 690 4788 Virgilius
710 4726 878 4778 intransitive
895 4727 996 4780 diceret
1013 4731 1127 4794 tardare,
1146 4733 1175 4784 id
1194 4735 1255 4785 nibil
1273 4735 1345 4786 valet
1360 4736 1394 4786 ad
1411 4736 1568 4788 intinitatem
1589 4737 1788 4788 Ciceronianam
1806 4730 2000 4781 demonstran·

308 4809 376 4874 dam,
394 4814 520 4878 quonlam
537 4813 627 4879 ipsum
643 4829 741 4869 aureae
758 4831 827 4872 uuas
846 4817 943 4871 dicitur
962 4821 1099 4876 latinitatis
1120 4824 1253 4892 ingenium
1271 4831 1322 4889 est,
1342 4831 1370 4878 ut
1390 4828 1459 4882 inter
1474 4831 1637 4896 scriptorum
1656 4833 1684 4882 et
1701 4829 1770 4880 inter
1789 4827 1928 4892 poetarum
1952 4828 1998 4878 di·
