4650 5882
1176 645 1224 720 lu

1102 743 1302 764 -q——n—

480 847 517 908 ut
535 845 650 908 leviora
669 845 813 910 nonnulla
833 844 1011 920 omittamus,
1025 845 1055 925 Ι)
1075 844 1153 906 duos
1172 843 1260 908 locos
1280 866 1317 908 ex
1336 847 1439 910 eadem
1460 847 1516 910 bae
1536 845 1666 926 epistola
1685 847 1810 910 sextima
1828 845 1947 910 damma
1965 845 2054 928 primi

355 963 423 1026 libri
443 965 608 1042 afferamus,
633 965 788 1048 inquibus
808 983 876 1026 cum
894 962 1088 1024 blarldaudus
1103 964 1174 1040 jure
1192 963 1345 1042 haesisset,
1365 965 1550 1026 Hermannus
1571 961 1664 1044 paulo
1685 965 1823 1046 cupidius
1841 983 1931 1046 quam
1951 965 2054 1026 verius

358 1081 526 1162 disputavit
569 1085 681 1145 Brutus
703 1084 776 1144 haec
799 1081 885 1143 dicit:
917 1081 1020 1160 ll'cquc
1039 1079 1095 1142 icc
1115 1078 1172 1142 ab
1190 1083 1224 1142 ia
1244 1089 1372 1142 mentem
1390 1083 1475 1143 endi
1492 1117 1531 1130 -
1549 1084 1596 1158 iia,
1622 1085 1678 1163 qni
1695 1082 1779 1144 mad
1794 1083 1912 1144 malum
1933 1082 2053 1143 acade-

359 1201 433 1276 n'nt,
460 1201 547 1278 cuim
573 1205 649 1262 illoc
675 1201 822 1280 rcliquabc
842 1205 924 1276 runt,
954 1198 1042 1274 nita,
1071 1217 1129 1280 que
1151 1199 1271 1278 expleri
1284 1203 1383 1280 possit
1400 1219 1504 1260 comm
1525 1201 1679 1276 men'tnm,
1704 1198 1894 1260 murum
1914 1219 2054 1278 napum

353 1319 504 1398 mucra
523 1319 711 1392 itomanam,
737 1321 767 1379 ri
782 1319 887 1380 omnia
907 1317 1002 1379 nna
1021 1317 1208 1396 congesserit.
1251 1317 1412 1392 Sententia,
1436 1337 1524 1398 quam
1547 1337 1615 1379 esse
1636 1325 1789 1398 oporteat,
1815 1323 1949 1398 apparet
1991 1319 2055 1378 its-

352 1435 441 1514 plcre
458 1439 600 1498 medium
623 1435 695 1497 dicit
714 1454 771 1516 pro
795 1455 845 1514 eo,
870 1433 953 1516 quod
977 1440 1041 1496 erat
1054 1435 1205 1514 paenae
1222 1455 1354 1514 aequore
1371 1437 1483 1496 muita
1501 1455 1615 1498 conon.
1656 1436 1690 1497 ld
1719 1435 1817 1515 ipsum
1843 1435 1969 1497 latinum
1987 1451 2055 1496 esse

360 1553 479 1632 negarit
497 1553 691 1620 lilarlilsudus
718 1575 746 1634 p.
768 1554 843 1616 100:
872 1557 973 1614 tuetur
995 1552 1182 1614 llermannus
1206 1570 1268 1612 non
1292 1552 1437 1632 exemplis
1457 1553 1535 1630 ullis,
1563 1553 1617 1616 sed
1638 1551 1866 1616 ratiocinatione
1887 1551 1996 1634 aliqua,
2025 1551 2055 1612 in

361 1671 479 1750 quaid,
501 1673 583 1754 quod
604 1671 800 1752 praecipuum
819 1677 892 1745 erat,
913 1669 1028 1732 omittit.
1070 1668 1169 1732 bleriti
1190 1669 1318 1732 similem
1335 1677 1471 1732 nammm
1491 1691 1558 1733 csse
1579 1671 1652 1733 dicit
1672 1691 1708 1734 ac
1735 1670 1800 1753 spei
1820 1669 1870 1732 vel
1891 1669 1995 1745 officii,
2025 1667 2056 1730 in

357 1787 468 1870 quibus
491 1809 558 1851 cum
583 1789 634 1852 illa
655 1789 771 1850 ratione
790 1787 966 1850 adhibeatur
986 1785 1127 1866 explendi
1147 1787 1281 1866 verbum,
1307 1807 1369 1850 non
1388 1807 1456 1850 esse
1474 1787 1677 1864 dubitandum,
1705 1787 1777 1870 quin
1797 1787 1876 1850 idem
1897 1788 1928 1848 in
1948 1787 2055 1848 merito

361 1907 457 1988 possit
478 1907 550 1970 lieri
589 1909 652 1970 Sed
674 1907 792 1968 diversa
811 1904 902 1984 louge
920 1911 972 1982 est,
985 1903 1137 1966 latinitatis
1158 1907 1346 1968 consuetudo
1367 1907 1398 1967 in
1422 1905 1528 1966 merito
1550 1913 1639 1988 atque
1661 1907 1692 1968 in
1714 1925 1776 1986 spe.
1822 1905 1900 1966 Nam
1921 1925 1992 1985 spes
2013 1903 2057 1966 di·

362 2025 440 2087 citnr
467 2043 528 2087 non
555 2025 647 2088 modo
676 2025 754 2087 ectio
782 2023 931 2103 sperandi,
958 2041 1081 2103 sperare
1103 2022 1187 2104 quasi
1210 2023 1316 2103 ipsum,
1346 2023 1557 2086 verumetiam
1579 2024 1610 2085 id
1632 2024 1715 2106 quod
1735 2031 1881 2104 speramr,
1905 2031 1995 2103 atque
2017 2022 2057 2083 ita

361 2147 463 2224 potest
484 2142 544 2204 diei
564 2142 686 2224 explere
706 2139 851 2222 spem¹).
892 2141 958 2202 dam
978 2141 1122 2200 muitum
1143 2139 1231 2203 iacile
1252 2141 1398 2202 exisbnct
1415 2141 1521 2222 aliquis
1543 2159 1610 2204 esse
1630 2159 1691 2203 non
1711 2140 1803 2204 modo
1824 2141 1974 2203 actionem
1995 2157 2056 2200 me·

360 2261 446 2322 rendi
466 2267 517 2321 aiat
532 2261 571 2338 id,
593 2279 653 2343 quo
674 2277 802 2340 poenam
821 2257 980 2322 laudemve
998 2277 1122 2333 mereas,
1143 2259 1199 2320 sed
1218 2260 1306 2320 etiam
1325 2259 1354 2320 id
1372 2261 1454 2340 quod
1475 2278 1590 2320 merens
1611 2261 1629 2322 i.
1644 2277 1671 2321 e.
1688 2259 1783 2338 ipsam
1802 2279 1930 2340 poenam
1948 2259 2057 2338 ipsam-

361 2399 419 2459 que
441 2377 567 2454 laudem,
589 2376 670 2460 quod
693 2377 718 2439 si
741 2377 781 2438 ita
803 2383 891 2452 esset,
914 2375 1001 2438 iacile
1019 2374 1261 2455 intelligeremus,
1284 2377 1370 2438 etiarn
1392 2377 1529 2438 meritmn
1550 2379 1591 2438 ita
1610 2381 1702 2457 posse
1723 2376 1847 2457 expleri,
1867 2385 1901 2438 ut
1919 2376 1958 2440 sit
1978 2375 2056 2436 idem

361 2495 442 2576 quod
465 2515 593 2576 aequare
612 2495 751 2575 praemiis
773 2495 919 2557 mennam.
962 2492 996 2554 ld
1018 2493 1109 2573 igitur
1127 2493 1271 2574 exemplis
1292 2495 1553 2558 demonstrandum
1573 2501 1637 2556 erat
1655 2496 1835 2571 Hermanno,
1856 2513 1919 2558 nou
1941 2493 2056 2555 ratione

360 2610 460 2694 aliqua
479 2613 620 2675 utendum
639 2613 744 2676 laliaci.
787 2617 872 2695 Quae
893 2619 991 2674 umen
1012 2610 1158 2690 exempla,
1181 2631 1242 2674 non
1265 2611 1362 2673 dicam
1383 2611 1464 2692 apud
1485 2612 1673 2692 Ciceronem,
1696 2613 1750 2674 sed
1771 2612 1854 2692 apud
1873 2613 1972 2674 bonos
1992 2609 2057 2671 lati-

361 2729 459 2792 nitatis
482 2739 621 2793 auctores
643 2731 776 2809 ejusdem
799 2728 903 2792 aetatis
925 2727 974 2790 vix
992 2728 1131 2791 inveniet.
1161 2729 1299 2790 valuisse
1319 2749 1354 2790 ea
1374 2729 1550 2810 significatio
1572 2733 1692 2794 videtur
1711 2729 1792 2812 apud
1805 2736 1931 2807 veteres,
1957 2729 2057 2810 itaque

361 2849 528 2930 explicatur
546 2851 665 2912 Terent
702 2849 819 2911 Pborm.
841 2849 870 2924 1,
896 2849 922 2924 1,
946 2849 995 2922 75,
1023 2845 1092 2908 iude
1111 2853 1314 2926 repetiverunt
1336 2847 1485 2910 interioris
1506 2848 1657 2912 latinitatis
1678 2850 1853 2929 scriptores,
1878 2853 1912 2910 ut
1934 2844 2058 2928 ApuleJi

361 2965 497 3030 nonnulli
521 2966 583 3030 loci
604 2969 633 3028 in
656 2967 760 3028 lexicis
781 2967 865 3028 citari
886 2966 993 3028 solent.
1035 2963 1144 3027 Cicero
1164 2971 1215 3026 aut
1236 2965 1347 3026 Brutus
1368 2966 1394 3026 si
1416 2965 1552 3028 dicerent
1573 2967 1688 3047 expleri
1710 2965 1857 3038 morimur,
1879 2963 1951 3026 nihil
1969 2963 2059 3043 signi-

363 3083 499 3161 ficabant,
524 3085 581 3146 nisi
602 3083 642 3158 id,
674 3083 757 3166 quod
777 3083 970 3146 Marklandus
995 3082 1127 3162 putabat,
1158 3081 1303 3144 cumulari
1328 3083 1412 3164 quasi
1436 3104 1479 3160 ea,
1510 3103 1587 3166 quae
1610 3093 1696 3146 autea
1720 3101 1777 3164 pro
1805 3081 1960 3164 republica
1980 3082 2057 3142 bene

363 3201 511 3280 iecissent,
533 3199 648 3282 expleri
666 3201 819 3263 beneficia.

513 3545 536 3610 l)
565 3549 649 3600 Unum
667 3553 756 3600 tamen
773 3549 862 3600 locum
878 3547 1103 3608 commemorabo,
1124 3549 1158 3599 de
1178 3563 1231 3613 quo
1248 3549 1309 3613 quia
1329 3543 1591 3610 urcitanensis
1619 3550 1707 3600 minus
1732 3555 1811 3602 cauta
1836 3549 1955 3610 dixerat,
1981 3548 2057 3599 caiu-

364 3641 482 3692 mniandi
502 3655 610 3692 causam
628 3643 743 3706 sumpsit
761 3641 934 3691 dermannus.
970 3639 1067 3692 Brutus
1088 3641 1154 3692 haee
1177 3641 1267 3692 dicero
1290 3640 1402 3704 jubetur
1421 3654 1437 3690 a
1457 3640 1649 3692 declamatore:
1673 3659 1725 3692 aaa
1745 3642 1827 3709 magia
1851 3641 1971 3692 mnatre
1995 3645 2057 3690 earet

363 3731 490 3784 Antoriinr
507 3749 584 3800 regno
606 3731 732 3800 uacans,
749 3747 826 3800 quon
844 3730 886 3782 ob
906 3733 1061 3794 ejusdem
1081 3737 1223 3784 mortem
1244 3732 1391 3785 deterritus.
1423 3733 1471 3782 liic
1490 3746 1553 3784 cum
1573 3734 1696 3787 haereret
1715 3735 1892 3796 Merkiendus,
1914 3749 1968 3786 non
1984 3737 2057 3785 recte

362 3829 475 3890 negavit,
501 3826 609 3876 latinum
631 3839 691 3878 csse
715 3823 839 3874 deterreri
861 3821 891 3874 ol
917 3821 1031 3890 riguam
1053 3841 1121 3886 rem5
1152 3839 1202 3878 nec
1226 3829 1314 3877 tamen
1334 3827 1434 3878 rectius
1453 3825 1627 3886 dermannus,
1650 3830 1696 3894 qui
1716 3840 1779 3878 cum
1795 3826 1974 3890 intellexisset,
1998 3841 2058 3880 esse

362 3917 433 3984 quod
451 3917 570 3976 differret
589 3919 656 3970 inter
676 3916 800 3968 deterreri
818 3923 899 3966 morte
918 3921 945 3968 et
963 3918 1031 3968 inter
1050 3917 1173 3966 deterreri
1192 3916 1223 3967 ab
1242 3926 1357 3980 morien,
1375 3932 1471 3983 parum
1488 3920 1626 3982 quaesivit,
1645 3934 1710 3972 num
1728 3920 1779 3970 hoe
1796 3919 1858 3970 liuic
1875 3920 1934 3972 lece
1953 3933 2058 3970 conve-

362 4012 437 4061 niret.
471 4011 627 4062 Dcterretur
643 4011 737 4076 aliquis
755 4009 790 4061 ob
808 4015 920 4060 mortem
940 4009 1050 4073 alicujus
1069 4009 1102 4060 ab
1121 4012 1233 4074 imperio
1253 4012 1388 4072 tentando,
1415 4012 1437 4062 si
1457 4023 1488 4061 ea
1507 4015 1593 4062 morta
1612 4011 1780 4063 obstaculum
1800 4014 1823 4062 ci
1842 4013 1947 4077 imperii
1968 4012 2058 4076 adipi-

362 4101 453 4154 scendi
472 4105 636 4163 uetuisset,
657 4103 731 4152 aliter
752 4102 903 4154 deterretur
923 4106 1018 4152 morte.
1042 4103 1096 4154 Nec
1115 4104 1137 4154 si
1156 4105 1215 4168 quis
1230 4103 1298 4154 torte
1318 4107 1397 4168 poete
1416 4101 1513 4154 alicubi
1533 4107 1579 4155 eut
1598 4105 1715 4168 scriptor
1732 4105 1852 4168 poeticus
1872 4106 1961 4171 (atque
1978 4118 2010 4156 er
2025 4119 2057 4156 co

360 4207 457 4262 genero
476 4197 582 4246 constet
597 4207 657 4246 esse
673 4195 801 4257 Tacitum,
820 4195 897 4257 cujus
914 4195 1034 4257 exemplo
1051 4197 1134 4245 utitur
1146 4195 1320 4258 dermannus,
1341 4209 1435 4260 parum
1453 4193 1618 4258 probabilem
1636 4195 1773 4248 latinitatis
1787 4199 1937 4260 auctorem
1959 4211 2058 4263 quem-

362 4299 442 4354 quam
464 4287 491 4336 in
515 4299 546 4338 ee
571 4289 645 4338 certe
669 4285 736 4348 loeo,
762 4287 807 4350 qui
831 4287 936 4344 citatur,
961 4286 1040 4337 aliam
1060 4291 1086 4336 ct
1104 4300 1214 4338 oausam
1232 4287 1314 4338 babet
1332 4294 1359 4338 et
1379 4287 1596 4351 excusationem),
1620 4288 1669 4340 sed
1692 4287 1715 4338 si
1734 4291 1814 4352 poeta
1834 4289 1974 4356 aliquando
1995 4290 2057 4341 illud

362 4380 503 4432 discrimen
522 4379 642 4442 neglexit,
663 4391 715 4429 noa
740 4379 867 4443 sequitur,
891 4381 921 4428 ut
939 4378 1034 4428 lirutus
1056 4381 1102 4428 aui
1122 4379 1214 4430 Cicero
1233 4381 1299 4430 item
1317 4378 1449 4444 negligere
1469 4382 1594 4442 potuerit
1630 4381 1755 4432 Ceterum
1776 4383 1862 4432 totum
1879 4382 1951 4434 hune
1969 4383 2057 4434 locum

359 4473 432 4524 Bruti
449 4470 576 4535 epistolae
593 4483 749 4534 expressum
769 4483 829 4520 csse
848 4471 943 4534 opinor
962 4483 993 4522 ex
1011 4469 1084 4520 Bruti
1103 4473 1129 4522 et
1146 4471 1228 4522 Cassii
1246 4471 1358 4534 epistola
1377 4470 1412 4521 ad
1430 4471 1461 4520 ll.
1477 4472 1618 4524 Antonium
1641 4472 1678 4533 (iu
1699 4472 1750 4523 Cic.
1764 4471 1828 4538 Epp.
1845 4473 1884 4538 11,
1901 4471 1935 4538 3),
1962 4476 1988 4524 in
2004 4489 2056 4540 que

361 4568 478 4618 extrema
496 4563 562 4614 beee
582 4565 660 4614 suut:
683 4576 742 4624 non,
764 4577 840 4627 quom
857 4560 900 4612 dio
919 4561 1014 4612 emerit
1035 4558 1132 4611 Ceanr
1151 4561 1196 4614 sed
1211 4577 1287 4628 qoam
1302 4578 1353 4612 non
1370 4561 1414 4613 diu
1431 4564 1555 4630 regnarit,
1574 4565 1621 4628 [ac
1637 4563 1738 4630 cogites.

508 4690 533 4756 1]
561 4691 729 4756 Quemquam
754 4692 813 4756 ipsa
836 4690 903 4744 hacc
923 4693 1030 4757 passiva
1055 4693 1131 4758 quasi
1154 4693 1309 4760 significatio
1335 4692 1437 4754 dubito,
1461 4707 1524 4745 num
1549 4697 1658 4759 praeter
1684 4697 1778 4759 poetes
1800 4694 1871 4756 (vide
1894 4641 1987 4756 larice)
2010 4700 2057 4746 aut

360 4801 405 4840 eos
426 4789 578 4852 scriptores,
604 4783 648 4848 qui
668 4787 810 4849 utrumque
828 4797 911 4848 genus
930 4786 1057 4840 orationis
1076 4787 1252 4849 miscuerunt,
1276 4785 1440 4850 intentatum
1466 4789 1539 4852 apud
1561 4787 1716 4839 Ciceronem
1739 4793 1812 4841 certe
1830 4787 1971 4853 bonosque
1991 4789 2056 4840 aiios

358 4879 504 4944 scriptores
521 4877 620 4930 trustra
640 4877 701 4927 talla
721 4879 848 4942 quaesivi.
