4650 5882
1188 605 1241 679 32

495 807 647 886 Deinceps
669 805 741 866 haec
762 809 846 865 sunt:
874 805 980 884 ltaque
999 803 1035 864 iu
1053 801 1150 864 medio
1168 801 1301 864 Achaim
1321 821 1415 864 cursu
1436 820 1505 863 cum
1527 804 1701 866 Bedamm
1722 804 1823 868 dulrrs
1842 814 1946 870 auster
1966 827 2013 872 me
2029 811 2065 870 iu

371 926 505 1001 ltaliam,
535 925 624 1004 prosi
647 921 799 984 dissuasor
820 921 882 981 mei
905 921 1033 996 mositii,
1057 921 1215 996 retulisset,
1241 927 1270 982 te
1294 919 1361 982 cicli
1383 919 1481 983 Velrise
1509 919 1651 1002 doluique
1674 922 1866 988 uehementer.
1912 927 1973 988 Res
2001 928 2066 1007 ipsa

372 1043 442 1106 setis
464 1047 547 1104 recta
566 1049 626 1115 est;
656 1039 826 1120 proiectum
845 1037 921 1098 enim
942 1056 1008 1099 esse
1028 1044 1145 1100 consus
1164 1035 1342 1100 Ciceronem
1364 1057 1389 1100 a.
1410 1037 1437 1100 d.
1457 1038 1534 1100 VIII.
1554 1038 1596 1100 1c.
1615 1040 1696 1102 Sext.
1721 1042 1797 1120 (Cic.
1820 1041 1857 1105 ad
1876 1041 1936 1106 Aa
1952 1045 2000 1120 16,
2014 1046 2059 1122 7),

373 1162 410 1224 de
433 1159 541 1222 Etesiis
563 1167 662 1222 sutem
682 1157 726 1218 sic
747 1156 836 1218 docet
856 1155 930 1218 Plio.
951 1163 1009 1217 nat
1029 1153 1095 1218 hist
1115 1157 1145 1232 2,
1165 1157 1220 1217 47:
1243 1157 1394 1218 Exoritur
1417 1153 1583 1219 Caniculae
1603 1157 1695 1234 sidus,
1713 1159 1774 1221 sole
1789 1161 1926 1239 pruinam
1939 1168 2063 1242 portem

373 1281 485 1342 Leonis
498 1275 694 1358 ingrediente,
712 1276 768 1354 qui
780 1273 842 1334 tes
855 1273 923 1336 XV
930 1281 1004 1334 arcte
1014 1273 1170 1352 Augustas
1182 1272 1342 1335 Kalendas
1355 1277 1407 1335 est.
1423 1311 1460 1323 -
1477 1273 1552 1336 Post
1565 1271 1691 1336 biduum
1708 1283 1810 1338 autem
1828 1285 1952 1339 ecortrss
1970 1278 2062 1340 iidcru

373 1397 529 1477 aquilones
556 1393 746 1456 coustantius
766 1393 909 1476 perflarat
935 1389 982 1452 lis
1003 1388 1113 1466 dicim
1139 1410 1212 1470 quos
1233 1392 1350 1453 Btesim
1376 1392 1534 1472 appellant
1553 1425 1589 1442 -
1612 1413 1668 1454 uec
1692 1394 1754 1456 ulli
1780 1401 1939 1456 oeutomsm
1966 1398 2066 1476 magri

374 1518 450 1576 stati
468 1521 549 1576 suut.
590 1511 662 1572 Post
686 1529 734 1571 eos
754 1529 862 1570 rursus
887 1510 990 1569 austri
1005 1507 1189 1590 srequeutes
1215 1527 1308 1588 usque
1332 1507 1377 1569 ud
1399 1508 1484 1590 sidus
1507 1511 1643 1586 Arcturi,
1670 1511 1751 1590 quod
1767 1513 1906 1572 exoritur
1923 1512 2065 1574 undam

375 1630 477 1694 diebus
495 1637 568 1692 aute
584 1629 810 1708 aequinoctium
829 1625 1000 1688 auctumni.
1041 1625 1173 1708 Itemque
1189 1632 1271 1688 recte
1293 1627 1403 1688 dictum
1424 1625 1463 1686 sit
1482 1628 1656 1688 Etesiarum
1673 1627 1782 1706 dulus,
1803 1649 1981 1710 quamquam
1997 1630 2066 1710 ipso

374 1751 433 1810 hoc
454 1748 589 1810 Pliniano
611 1744 682 1807 loco
700 1745 819 1807 videtur
839 1743 1007 1822 significari,
1029 1743 1130 1824 potius
1148 1745 1258 1806 Btssis's
1278 1743 1435 1804 dicendum
1449 1744 1551 1807 inisse.
1592 1745 1654 1808 Sed
1674 1745 1799 1808 alterum
1817 1754 1961 1827 superest,
1983 1747 2066 1828 quod

375 1867 447 1928 ferri
475 1873 612 1948 nequeat.
661 1863 809 1926 Nimirum
838 1879 996 1940 expressus
1023 1868 1069 1922 est
1098 1867 1180 1924 totus
1207 1861 1256 1924 hic
1282 1859 1370 1922 Iocus
1398 1881 1436 1922 ex
1465 1861 1621 1924 Ciceronis
1649 1862 1776 1944 epistola
1805 1865 1845 1927 cd
1872 1864 2066 1930 Cornificium

375 1987 465 2068 (Epp.
479 1986 527 2060 12,
540 1985 609 2062 95):
631 1984 731 2043 iratus
750 1975 930 2060 temporum
946 1979 981 2039 iu
998 1977 1158 2040 Graeciam
1177 1979 1335 2058 desperato
1352 1975 1490 2040 lelertote
1507 1978 1657 2058 rapiebar,
1679 2001 1749 2043 cum
1770 2001 1817 2042 ms
1833 1983 1960 2060 Etesiae,
1978 1984 2068 2062 quasi

375 2103 447 2164 boui
464 2103 548 2178 cloes,
573 2102 792 2178 relinquentem
818 2093 1035 2176 rempublicam
1058 2097 1204 2175 prosequi
1227 2095 1396 2156 notuerunt
1413 2103 1574 2176 austerque
1594 2098 1738 2160 aduersus
1757 2102 1893 2162 marimo
1909 2102 1999 2184 flatu
2018 2119 2066 2162 me

374 2220 418 2283 od
437 2217 561 2281 oetam
578 2225 645 2278 tuos
665 2214 818 2294 Rhegium
834 2214 950 2290 retulit,
975 2232 1032 2274 nec
1053 2221 1152 2275 tamen
1177 2213 1217 2275 ita
1238 2231 1397 2293 expressus
1419 2221 1473 2290 est,
1500 2224 1534 2277 ut
1557 2233 1619 2276 non
1639 2215 1740 2278 vitium
1760 2216 1882 2299 aliquod
1904 2218 2064 2281 admissum

376 2338 424 2402 sit.
461 2333 590 2414 Scripsit
604 2331 786 2395 declamator
804 2331 838 2392 iu
854 2331 952 2392 medio
964 2329 1096 2392 Achareo
1113 2350 1214 2407 cursu,
1234 2350 1302 2394 cum
1325 2349 1393 2392 esse
1413 2337 1551 2412 oporteat
1567 2353 1606 2394 ea
1622 2333 1719 2394 medio
1739 2353 1832 2396 crasa
1848 2335 1898 2397 vel
1916 2335 1952 2396 dc
1963 2355 2064 2399 mesu.

377 2459 475 2534 Quem
497 2451 575 2514 enim
592 2449 673 2513 venti
693 2450 826 2510 reierunt
849 2451 884 2510 ia
903 2469 1006 2526 cursu,
1027 2467 1088 2509 non
1108 2447 1145 2509 ad
1166 2468 1231 2510 eam
1252 2457 1371 2523 terram,
1391 2449 1470 2512 unde
1490 2449 1672 2526 conscendit,
1696 2450 1842 2528 reiiciunt,
1863 2452 1917 2514 sed
1937 2452 1978 2516 ita
1998 2453 2064 2532 reji-

377 2573 459 2636 ciunt
486 2570 516 2632 in
542 2568 609 2649 ipso
637 2586 734 2644 cursu,
761 2573 795 2629 ut
815 2585 885 2647 pars
906 2583 1023 2644 cursus,
1047 2585 1133 2647 quam
1148 2567 1210 2644 jam
1229 2567 1408 2643 confecerat,
1439 2585 1542 2630 rursus
1562 2568 1602 2630 eit
1622 2569 1795 2634 emetienda
1838 2570 1947 2634 Cicero
1966 2579 2064 2634 autem

377 2709 445 2752 cum
470 2686 589 2750 circiter
617 2685 830 2767 quadringenta
858 2684 951 2745 stadia
974 2703 991 2744 a
1017 2685 1204 2764 Leucopetra
1230 2683 1435 2763 processisset,
1464 2684 1551 2746 rediit
1576 2686 1802 2768 Leucopetram,
1835 2687 1904 2750 inde
1930 2687 2063 2750 Romam.

377 2812 478 2890 Quare
500 2810 581 2868 recte
603 2813 633 2866 et
652 2809 687 2866 ut
706 2801 816 2880 debuit,
843 2800 952 2864 Cicero
974 2799 1012 2864 ad
1034 2799 1177 2862 Plancum
1203 2801 1293 2884 (lipp.
1313 2801 1411 2882 10,1)
1438 2800 1558 2864 scribit:
1584 2812 1783 2885 posteaquam
1803 2805 1838 2867 dc
1855 2805 1952 2866 nudso
1972 2825 2065 2866 mum

376 2922 560 3006 respublicae
579 2941 646 2982 sum
663 2939 733 2982 occe
750 2925 914 2980 reuocatus.

502 3037 794 3101 Grammaticerecte
810 3035 980 3112 dictasunt,
1000 3053 1077 3116 qnae
1094 3043 1272 3119 sequuntur:
1295 3033 1420 3100 cecata
1437 3038 1526 3114 euim,
1545 3037 1651 3114 Brute,
1670 3035 1797 3114 cedebas,
1813 3039 1957 3118 muuurm
1970 3039 2067 3102 Stoici

376 3160 470 3222 uestri
485 3163 609 3238 uagam,
628 3154 748 3237 sugere
767 3155 922 3234 sapr'eatos,
942 3152 996 3215 sed
1018 3153 1163 3216 sententia
1181 3173 1287 3234 parum
1308 3160 1377 3234 apta
1399 3161 1451 3216 est
1494 3155 1644 3240 Expressa
1669 3155 1741 3216 haec
1762 3165 1829 3218 sunt
1848 3177 1886 3218 ex
1908 3157 1970 3219 Cic.
1990 3157 2063 3222 Phil.

302 3238 306 3255 .
380 3281 408 3354 1,
424 3277 489 3352 1,9
510 3276 608 3355 Atque
627 3292 681 3354 ego
701 3272 838 3334 celeriter
863 3271 977 3334 lulium
998 3270 1134 3332 detrectas
1149 3271 1284 3332 Brutum
1306 3270 1386 3344 otta·
1414 3281 1529 3352 quanto
1548 3291 1612 3333 meo
1632 3271 1740 3349 dolore,
1759 3294 1822 3336 aaa
1842 3275 1916 3338 dcco.
1960 3277 2064 3358 rupe

376 3394 455 3457 milti
471 3395 532 3475 ipsi
544 3390 709 3468 usilebatur,
732 3391 767 3451 iu
787 3409 854 3450 earu
875 3387 979 3450 urbem
998 3409 1045 3450 me
1064 3388 1176 3450 audere
1196 3388 1314 3464 reverti,
1332 3409 1370 3450 ar
1388 3408 1449 3468 qua
1463 3390 1582 3452 Brutus
1598 3389 1712 3452 cederet
1729 3397 1800 3464 etas
1823 3399 1854 3453 et
1865 3392 1937 3456 Phil.
1950 3394 2064 3470 10,t,8

378 3511 517 3574 &Mun
536 3509 602 3572 uidi
612 3517 718 3590 postea
744 3508 850 3583 Voluce,
867 3505 1018 3568 cedentem
1035 3507 1138 3583 Italia
1157 3525 1196 3566 ae
1208 3525 1270 3586 qua
1282 3507 1417 3566 oriretur
1429 3503 1610 3568 lellicioilis
1626 3528 1719 3570 causo
1730 3517 1858 3590 propter
1870 3530 1907 3572 se.
1935 3509 2064 3572 Eodem-

379 3649 437 3709 que
451 3625 576 3690 cedendi
596 3627 690 3689 verbo
712 3643 790 3717 usus*
808 3632 853 3686 est
875 3623 904 3686 in
929 3623 1055 3705 epistola
1075 3621 1113 3684 ad
1133 3622 1260 3686 Hirtium
1282 3622 1331 3700 (ad
1350 3622 1412 3685 Ata
1435 3625 1482 3698 15,
1502 3625 1533 3698 6,
1553 3625 1597 3702 2).
1633 3625 1709 3689 iiiuc
1727 3647 1795 3690 cum
1814 3633 1997 3690 mutuaretur
2015 3628 2063 3690 hic

381 3744 573 3823 declamator,
590 3741 667 3805 male
683 3741 758 3805 illud
774 3741 857 3824 quasi
872 3741 1085 3822 philosophans
1099 3739 1211 3804 addidit
1229 3740 1266 3802 de
1281 3739 1471 3820 sapientibus,
1491 3741 1618 3822 quinon
1634 3743 1780 3824 ingerent,
1800 3763 1858 3826 qna
1868 3762 1901 3806 re
1916 3745 2063 3826 vituperat

378 3863 465 3925 Bruti
490 3859 657 3925 consilinm.
704 3835 795 3943 Atqui
823 3859 887 3940 ipse
914 3860 990 3938 ejus'
1005 3864 1111 3921 auctor
1132 3857 1272 3919 extiterat
1300 3857 1379 3935 (vide
1405 3857 1592 3937 adiali,
1614 3863 1664 3938 11)
1693 3862 1880 3944 defenditque
1898 3863 2062 3974 fortunio

380 3979 453 4042 Phil.
477 3981 527 4058 10,
549 3979 577 4042 3.
620 3979 733 4040 Vemm
754 3979 828 4040 haec
845 3977 925 4038 dicat
942 3983 1039 4039 umen
1059 3976 1187 4038 tortasse
1205 3974 1311 4058 uliquis
1334 3994 1400 4038 esse
1421 3975 1551 4055 terendo,
1572 3979 1642 4061 qnia
1664 3979 1841 4061 vituperatio
1862 3981 1947 4042 Bruti
1966 3980 2061 4044 minim

381 4115 521 4177 expressa
543 4097 596 4160 ait:
615 4093 673 4172 iila,
693 4115 770 4178 quae
788 4095 993 4177 insequuntur,
1015 4091 1127 4154 nullam
1143 4091 1251 4155 habent
1272 4094 1508 4156 excusationem:
1530 4096 1661 4158 Romam
1680 4105 1718 4157 ut
1735 4099 1814 4172 ceni,
1832 4099 1934 4159 statim
1951 4117 1998 4159 me
2015 4095 2063 4160 ob-

380 4214 442 4276 tuli
455 4211 586 4276 Antonii
604 4214 710 4275 sceleri
729 4220 820 4293 atque
841 4212 1013 4287 demmuae,
1035 4231 1121 4290 quem
1143 4231 1213 4273 cum
1234 4213 1269 4272 iu
1290 4231 1337 4272 me
1354 4211 1565 4291 iucitaoissem,
1585 4213 1713 4277 cornilio
1733 4215 1813 4274 iur're
1830 4218 1914 4296 coepi
1925 4217 2062 4278 Brutina

374 4333 470 4413 pluas
489 4333 599 4410 (uestri
615 4334 696 4394 euim
714 4331 787 4394 iuer
805 4338 878 4392 suut
889 4329 1021 4411 proprio
1040 4331 1218 4410 sommum)
1239 4325 1422 4410 respublicae
1432 4327 1615 4394 tolerandae.
1644 4333 1719 4407 Hoc,
1737 4330 1853 4411 opinor,
1866 4333 1926 4396 dici
1939 4340 2061 4414 oporte-

380 4451 439 4527 bat,
460 4448 647 4528 Ciceronem,
668 4469 735 4513 cum
753 4449 877 4512 Itomm
895 4447 1032 4524 recusat,
1056 4446 1155 4510 statim
1174 4445 1314 4510 resistere
1332 4446 1620 4528 coepisaeAntonio,
1642 4447 1670 4508 ei
1685 4451 1866 4514 occurrisse:
1887 4449 1967 4513 alind
1988 4448 2061 4510 dicit

382 4567 562 4631 declamator
586 4585 658 4630 usus
684 4566 778 4630 verbo
809 4565 958 4628 offerendi.
1002 4565 1159 4645 Sumptnm
1180 4563 1218 4625 ‘id
1244 4567 1290 4625 est
1317 4563 1540 4645 iusserimus,
1568 4583 1644 4648 qnae
1663 4565 1719 4627 diis
1740 4567 1913 4643 offerrentur,
1937 4572 1971 4626 ut
1987 4564 2061 4628 iram

380 4687 522 4748 manusb
544 4706 590 4764 eo,
622 4684 672 4767 qui
692 4685 789 4759 offert,
816 4681 905 4760 inid,
932 4681 1015 4766 quod
1033 4681 1165 4757 offertur,
1192 4686 1339 4754 avaricum
1370 4679 1469 4766 itaque
1494 4687 1655 4763 usurpatur
1679 4683 1716 4747 de
1737 4685 1781 4763 iis,
1810 4683 1861 4767 qui
1885 4701 1941 4764 pro
1962 4684 2059 4748 amico

381 4802 480 4886 eiquo
508 4804 557 4866 uel
584 4823 640 4886 pro
664 4801 820 4884 republica
846 4800 1012 4882 periculum
1032 4798 1153 4886 aliquod
1172 4798 1346 4886 suscipiunt,
1373 4806 1408 4862 ut
1433 4799 1541 4864 Cicero
1564 4797 1706 4866 Milouem
1729 4804 1874 4867 dicentem
1896 4800 1966 4864 iacit
1988 4803 2059 4884 (pro
