4650 5882
268 2063 426 2196 Litterae
456 2138 578 2196 nostrae
599 2151 668 2195 cum
694 2131 732 2194 ab
753 2131 948 2194 admiratione
977 2137 1008 2194 et
1028 2130 1191 2202 imitatione
1217 2131 1400 2215 antiquitatis
1422 2132 1541 2196 taudem
1566 2151 1604 2196 eo
1629 2131 1774 2196 deductae
1800 2137 1909 2211 essent,
1937 2139 1971 2196 ut

264 2250 403 2328 judicare
425 2251 463 2313 de
479 2249 629 2312 veteribus
650 2249 849 2331 scriptoribus
869 2253 899 2310 et
923 2249 968 2311 fas
988 2268 1055 2312 esse
1076 2254 1233 2329 putaretur
1259 2255 1290 2312 et
1312 2269 1454 2328 necesse,
1478 2251 1579 2332 coepit
1599 2251 1636 2312 ab
1656 2249 1807 2313 Richardo
1829 2249 1968 2329 Bentlej0

269 2367 405 2444 maxime,
427 2369 493 2431 viro
511 2366 702 2448 sagacissimo
730 2367 896 2448 eodemque
924 2365 1173 2448 prudentissimo,
1201 2367 1350 2448 cupiditas
1377 2367 1523 2450 quaedam
1547 2389 1598 2446 ea,
1627 2337 1705 2450 quiae
1731 2369 1768 2430 ab
1798 2367 1971 2449 antiquitate

270 2485 406 2565 profecta
426 2493 517 2564 erant,
535 2506 598 2548 nou
618 2485 804 2548 examinandi
824 2484 878 2547 sed
898 2484 1098 2565 impugnandi
1144 2485 1199 2548 Fit
1219 2485 1297 2547 enim
1320 2486 1393 2564 fere,
1421 2485 1447 2547 si
1468 2485 1536 2568 quis
1556 2486 1587 2548 in
1608 2485 1708 2568 aliqua
1727 2503 1761 2546 re
1781 2484 1911 2562 excellit,
1938 2493 1973 2548 ut

269 2603 353 2666 multi
372 2624 439 2667 eum
461 2612 628 2681 sectentur,
659 2601 711 2686 qui
739 2602 810 2666 dum
836 2601 983 2664 incautius
1009 2608 1110 2682 agunt,
1139 2603 1245 2666 eodem
1268 2603 1384 2680 studio,
1413 2623 1475 2685 quo
1502 2603 1553 2664 ille
1579 2603 1700 2666 laudem
1729 2602 1890 2679 invenerat,
1912 2601 1970 2682 ipsi

266 2723 374 2798 justam
395 2721 644 2802 vituperationem
664 2719 798 2784 subeant
841 2719 909 2782 Neu
930 2719 983 2780 illa
1004 2719 1162 2799 cupiditas,
1192 2739 1280 2802 quam
1301 2719 1371 2798 dixi,
1399 2721 1475 2784 locis
1503 2721 1685 2802 scriptorum
1705 2720 1755 2782 vel
1780 2718 1971 2782 emendandis

269 2839 318 2901 vel
336 2839 524 2920 corrigendis
544 2838 761 2915 continebatur,
779 2836 834 2900 sed
854 2837 996 2901 translata
1020 2842 1066 2899 est
1084 2836 1123 2898 ad
1141 2842 1224 2900 totos
1237 2836 1341 2916 libros,
1354 2857 1431 2922 quos
1446 2846 1497 2902 aut
1515 2838 1553 2900 ad
1570 2837 1648 2900 alios
1662 2843 1801 2900 auctores
1813 2857 1849 2900 ao
1862 2837 1971 2918 quibus

270 2957 362 3037 vulgo
376 2956 588 3034 tribuerentur,
600 2954 753 3035 pertinere
766 2955 968 3018 existimarent
978 2960 1030 3016 aut
1040 2954 1122 3016 omni
1134 2953 1308 3036 antiquitate
1320 2956 1459 3037 indignos
1473 2975 1541 3019 esse
1554 2956 1734 3036 judicarent
1761 2957 1828 3018 Hoc
1840 2954 1972 3019 studium

270 3095 347 3158 quos
365 3078 480 3140 fructus
501 3073 612 3150 tulerit,
633 3092 696 3137 non
716 3079 762 3134 est
782 3073 870 3152 liujus
887 3071 949 3136 loci
969 3091 1135 3152 exponere:
1154 3073 1207 3134 sed
1228 3071 1304 3136 illud
1323 3081 1455 3154 apparet,
1478 3093 1516 3137 eo
1536 3073 1652 3136 animos
1674 3079 1762 3136 antea
1783 3093 1875 3137 caeco
1897 3059 1971 3157 quo:

273 3193 341 3254 dam
361 3193 495 3256 omnium
515 3212 615 3254 rerum
637 3191 824 3274 antiquarum
847 3209 951 3252 amore
970 3195 1076 3270 captos
1098 3190 1129 3250 ln
1149 3189 1318 3253 libertatem
1339 3209 1406 3253 esse
1425 3189 1594 3254 vindicatos
1613 3191 1801 3274 reditumque
1821 3193 1858 3255 iis
1880 3192 1971 3254 adse

273 3317 304 3372 et
325 3309 363 3372 ad
381 3329 451 3372 suas
472 3310 551 3372 vires
575 3327 642 3372 esse
663 3314 810 3389 parabam.
850 3311 1039 3390 Quamquam
1057 3306 1136 3369 idern
1156 3307 1232 3370 illud
1253 3307 1393 3385 studium,
1414 3310 1452 3370 ad
1472 3309 1611 3371 minutias
1625 3315 1655 3370 et
1675 3310 1713 3372 ad
1732 3311 1971 3388 conjecturarum

272 3428 469 3491 temeritatem
490 3426 666 3502 traductum,
699 3432 840 3510 quantam
859 3444 957 3507 prope
984 3425 1110 3487 dixerim
1133 3425 1283 3487 infamiam
1305 3426 1452 3490 universis
1476 3427 1588 3488 nostris
1610 3425 1717 3488 litteris
1737 3426 1817 3506 apud
1836 3426 1970 3488 homines

273 3548 370 3612 minus
392 3545 509 3626 peritos
530 3543 718 3620 contraxerit,
741 3563 832 3625 saepe
851 3544 1028 3619 etiamnunc,
1051 3563 1120 3605 cnm
1139 3563 1201 3605 non
1223 3543 1334 3606 multae
1351 3547 1415 3624 eJus
1437 3544 1589 3626 supersint
1608 3543 1761 3625 reliquiae,
1783 3561 1970 3624 cognoscere

271 3667 350 3730 licet
393 3665 461 3726 lloc
484 3668 585 3723 autem
607 3667 741 3742 tempore
761 3661 873 3724 invadit
893 3661 1043 3724 contraria
1062 3661 1221 3742 cupiditas
1243 3679 1319 3742 quae
1340 3681 1449 3725 vereor
1470 3681 1575 3743 prope,
1595 3681 1634 3722 ne
1655 3661 1751 3739 majus
1769 3661 1857 3723 etiam
1881 3661 1971 3722 detri-

271 3791 402 3848 mentum
423 3780 511 3843 nobis
534 3779 705 3862 nostrisque
728 3779 819 3842 rebus
837 3779 942 3842 afferre
962 3780 1066 3861 possit,
1086 3780 1159 3841 haec
1179 3778 1308 3861 quidem,
1334 3785 1368 3841 ut
1395 3780 1472 3842 tueri
1496 3799 1636 3862 eaquae
1662 3777 1769 3841 tradita
1787 3784 1864 3856 sunt,
1889 3779 1970 3841 omni

274 3903 388 3966 ratione
409 3899 520 3976 malint,
549 3905 579 3960 et
600 3916 677 3980 quae
703 3897 853 3980 quondam
877 3897 942 3960 laus
967 3896 1004 3959 ab
1025 3896 1234 3978 impugnandis
1254 3896 1380 3959 maxime
1410 3897 1561 3960 veteribus
1582 3897 1780 3977 scriptoribus
1801 3897 1970 3979 quaerenda

275 4039 341 4082 esse
358 4017 525 4092 videbatur,
546 4033 610 4078 eam
631 4035 711 4078 nunc
732 4015 789 4077 nisi
811 4014 1005 4077 defendendis
1024 4014 1150 4078 inveniri
1166 4033 1228 4076 nou
1252 4033 1344 4096 posse
1365 4014 1553 4078 arbitrentur.
1594 4017 1783 4077 Documenta
1804 4015 1868 4092 ejus
1886 4015 1970 4096 cupi·

277 4136 374 4199 ditatis
395 4141 464 4198 sunt
477 4133 624 4196 editiones
640 4151 711 4196 sane
725 4151 785 4194 nou
799 4153 914 4213 paucae
930 4133 1059 4210 criticae,
1076 4152 1152 4214 quae
1165 4139 1319 4209 vocantur,
1337 4151 1462 4214 quarum
1488 4139 1628 4196 auctores
1649 4152 1718 4195 cnm
1740 4131 1904 4208 codicibus,
1925 4135 1970 4195 rei

275 4255 408 4319 omnium
427 4251 642 4330 fallacissimae,
663 4251 694 4314 in
711 4251 882 4314 servitutem
902 4270 936 4313 se
955 4249 1132 4327 addixerint,
1146 4249 1291 4328 judicium
1312 4269 1399 4312 suum
1412 4250 1624 4332 veritatemque
1646 4251 1740 4331 ipsam
1760 4250 1889 4330 prodere
1909 4271 1969 4314 ma-

273 4375 348 4450 lunt,
370 4390 459 4454 quam
483 4371 637 4434 discedere
655 4369 693 4431 ab
715 4389 763 4446 eo,
786 4370 867 4450 quod
884 4387 941 4451 per
960 4358 1198 4431 tristissimorum
1219 4372 1388 4449 temporum
1409 4368 1547 4430 tenebras
1565 4379 1595 4430 et
1616 4367 1857 4431 stultissimorum
1875 4367 1968 4429 homi-

274 4513 344 4556 uum
366 4507 473 4552 manus
494 4492 669 4568 corruptum
691 4488 730 4550 ad
754 4505 812 4548 nos
837 4487 981 4568 pervenit
1028 4488 1098 4567 Qua
1121 4485 1235 4547 ratione
1259 4505 1328 4550 cum
1353 4487 1410 4548 hoc
1431 4485 1585 4563 efficiatur,
1612 4497 1646 4548 ut
1667 4485 1831 4566 scriptores
1851 4491 1967 4548 veteres

274 4610 331 4673 nisi
354 4629 372 4670 a
393 4605 579 4688 peritissimis
596 4611 677 4669 recte
700 4605 760 4686 legi
781 4612 938 4686 nequeant,
963 4609 1147 4685 quantopere
1169 4603 1268 4666 studia
1293 4603 1493 4684 plurimorum
1515 4604 1666 4666 hominurn
1688 4603 1834 4666 alitteris
1855 4600 1966 4664 uostris

277 4725 420 4789 deterreri
437 4743 563 4787 necesse
584 4724 633 4804 sit,
654 4743 716 4787 uon
738 4743 816 4804 opus
836 4731 882 4786 est
902 4723 1009 4786 dicere.
1053 4719 1134 4782 ldem
1154 4727 1253 4783 autem
1272 4721 1402 4784 studium
1421 4720 1526 4784 ardere
1548 4742 1616 4785 cum
1636 4722 1762 4784 maxime
1783 4707 1814 4783 iu
1833 4725 1967 4782 totorum

277 4845 421 4908 librorum
446 4843 506 4906 fide
528 4842 690 4922 judicanda
717 4843 843 4906 videtur.
889 4841 962 4904 Non
990 4839 1085 4902 dicam
1115 4840 1152 4902 de
1181 4839 1314 4916 Graecis,
1342 4839 1396 4902 sed
1415 4841 1577 4904 consistam
1596 4840 1627 4902 in
1649 4839 1768 4904 Latinis.
1809 4837 1965 4901 Ciceronis

1706 4961 1722 5020 1
