4650 5882
1175 607 1201 680 2

341 807 493 870 orationes
519 806 706 870 Catilinarias
732 825 837 869 omues
865 803 945 868 tueri
972 825 1069 886 nuper
1099 803 1223 866 instituit
1241 801 1387 864 Nicotaus
1406 802 1590 884 Madvigius,
1624 805 1859 886 elegantissimus
1883 805 2035 868 latinitatis

339 925 447 1002 judex:
470 895 604 1004 ejusdem
627 925 781 988 Ciceronis
802 923 954 986 orationes
974 923 1122 1005 quinque,
1149 941 1224 1004 quas
1254 921 1289 984 F.
1310 919 1347 984 Α.
1369 919 1500 984 Woltius
1526 922 1690 992 damnarat.
1722 944 1792 984 cum
1820 932 1907 986 autea
1926 924 2037 985 tuerint

340 1041 485 1119 nonnulli,
507 1043 559 1126 qui
579 1042 780 1117 defenderent,
802 1060 882 1103 nuuc
897 1046 965 1102 sunt
988 1039 1124 1122 plurimi:
1146 1046 1253 1102 contra
1265 1037 1439 1102 (tumetium
1453 1038 1604 1119 Nepotem
1618 1041 1889 1103 coustatacerrime
1908 1041 2037 1122 pugnari

341 1157 379 1221 ab
401 1159 445 1236 iis,
468 1161 518 1242 qui
533 1161 654 1240 judiciis
669 1157 1005 1239 intelligentissimorum
1023 1156 1175 1220 latinitatis
1197 1164 1355 1220 anctorum
1380 1157 1560 1238 contemptis
1578 1157 1732 1238 praeclare
1751 1157 1808 1220 sibi
1827 1177 1915 1240 agere
1935 1157 2038 1219 videu-

341 1287 399 1354 tur,
422 1299 491 1340 curu
509 1277 742 1360 elegantissimas
763 1275 944 1357 antiquitatis
972 1275 1112 1358 reliquias
1135 1275 1173 1337 ad
1198 1275 1314 1336 intimae
1339 1273 1491 1338 latinitatis
1517 1282 1655 1356 tempora
1686 1277 1853 1353 traducunt,
1875 1275 2037 1340 dummodo

342 1394 482 1458 codicum
508 1403 537 1458 et
563 1394 756 1456 librariorum
781 1394 870 1455 tidem
897 1412 936 1454 ue
962 1411 1105 1474 spernere
1127 1391 1293 1455 videantur.
1338 1390 1437 1473 Atque
1467 1391 1563 1454 extitit
1589 1393 1665 1456 adeo
1693 1399 1761 1456 ante
1785 1413 1900 1475 paucos
1922 1411 2039 1456 menses

343 1513 381 1574 G.
397 1514 431 1576 E.
450 1515 485 1576 F.
503 1511 748 1589 Lieberkiibnius,
774 1510 825 1592 qui
853 1509 1037 1592 ineptissima
1065 1517 1200 1573 actorum
1225 1509 1401 1572 diumorum
1429 1509 1601 1589 fragmenta,
1627 1510 1664 1573 ab
1695 1511 1815 1574 bomine
1842 1517 1872 1572 et
1891 1509 1991 1572 fallaci
2011 1516 2041 1571 et

342 1631 480 1712 imperito
500 1629 651 1704 ementita,
671 1627 827 1691 verissima
845 1641 875 1690 et
896 1627 1070 1708 gravissima
1091 1625 1274 1709 antiquitatis
1295 1633 1486 1690 monumenta
1513 1647 1578 1692 esse
1600 1629 1782 1710 persuadere
1801 1637 1970 1691 conaretur.
1988 1627 2018 1708 ¹)

468 1753 555 1831 Quae
575 1767 643 1809 cum
663 1745 792 1822 itnsiut,
817 1765 878 1827 quo
901 1752 1024 1808 nostrae
1044 1745 1149 1808 aetatis
1171 1744 1321 1825 ingenium
1347 1745 1431 1820 ierat,
1455 1743 1577 1807 dubium
1599 1766 1667 1810 esse
1689 1766 1749 1809 nou
1775 1753 1886 1827 potest.
1930 1749 2042 1827 Quam-

343 1885 432 1948 quam
452 1867 528 1928 bauc
548 1867 695 1942 rationem
714 1870 826 1925 tautum
846 1863 931 1926 abest
951 1868 985 1925 ut
1004 1861 1143 1946 equidem
1164 1861 1296 1942 rejiciam
1316 1869 1368 1926 aut
1389 1845 1586 1941 contemnam,
1608 1871 1641 1926 ut
1663 1884 1737 1940 earu,
1759 1865 1784 1926 si
1806 1886 1875 1930 cum
1896 1865 2043 1928 modestia

343 1983 444 2066 aliqua
462 1983 643 2060 adhibeatur,
663 2002 719 2044 nec
739 2000 776 2044 eo
795 1980 950 2061 pertineat,
972 1985 1005 2042 ut
1025 1979 1172 2061 philologi
1188 1979 1336 2059 judicium
1357 2000 1445 2044 suum
1456 1980 1587 2061 prodere
1600 1981 1770 2059 jubeantur,
1783 1985 1871 2048 unice
1892 1992 1922 2046 et
1941 2003 2043 2046 veram

343 2107 375 2164 et
390 2101 549 2173 salutarem
570 2119 636 2162 esse
657 2097 841 2170 existimem
863 2096 987 2158 nimium
1009 2098 1088 2160 enim
1107 2097 1194 2160 facile
1216 2098 1341 2174 artimus,
1365 2113 1438 2160 suae
1463 2097 1604 2178 potestati
1628 2102 1802 2180 permissus,
1830 2119 1944 2166 avere
1958 2102 2043 2164 aber-

344 2226 399 2281 rat
442 2223 543 2301 Quare
563 2217 692 2292 minime,
712 2215 892 2290 mehercule,
913 2214 1053 2295 vitupero
1073 2214 1212 2296 equidem
1233 2215 1315 2298 Otii.
1328 2215 1539 2291 Hermannum,
1560 2217 1658 2278 virum
1679 2217 1885 2296 clarissimum,
1906 2220 1956 2303 qui
1974 2241 2056 2282 cum·

344 2344 413 2399 ante
432 2357 547 2418 paucos
565 2352 682 2396 meuses
704 2333 740 2394 ad
761 2331 944 2394 academiam
956 2331 1141 2394 tibertinam
1152 2332 1418 2413 Regiomoutanam
1442 2332 1610 2414 vanitandi
1625 2353 1716 2396 eausa
1727 2336 1873 2400 scriberet
1885 2337 1922 2416 ¹),
1940 2339 2043 2419 dispu-

345 2455 487 2517 tationem
508 2451 634 2516 instituit
655 2449 868 2528 duodecimam,
894 2469 953 2532 qua
972 2429 1130 2513 Ciceronis
1152 2451 1346 2530 epistolarum
1367 2452 1406 2512 ad
1428 2453 1467 2514 Μ.
1489 2453 1625 2529 Burtum,
1653 2471 1730 2536 quae
1749 2463 1921 2534 supersunt,
1943 2465 2044 2539 patro

347 2565 459 2632 ciuium
480 2569 614 2651 suscepit
633 2587 742 2651 easque
762 2567 799 2630 ab
820 2566 928 2647 injuria
947 2563 1128 2646 auglorum,
1156 2567 1207 2652 qui
1229 2567 1317 2649 primi
1344 2575 1374 2631 et
1393 2569 1459 2644 uui,
1481 2579 1601 2651 praeter
1621 2569 1727 2633 breves
1745 2573 1865 2655 quidem
1885 2573 2044 2638 nonnullas

347 2688 474 2751 aliorum
494 2671 627 2750 virorum
650 2686 810 2748 doctorum
831 2683 1070 2765 significationes,
1091 2675 1244 2750 talsaseas
1260 2692 1290 2754 et
1309 2683 1509 2758 Ciceroniano
1530 2687 1651 2752 nomine
1671 2689 1808 2772 indiguas
1830 2711 1897 2754 esse
1921 2692 2044 2755 demon·

347 2813 487 2884 strarant,
509 2807 661 2870 vindicare
680 2804 789 2886 coepit
834 2803 930 2882 Cujus
948 2802 1006 2864 viri
1028 2802 1193 2866 doctissimi
1215 2825 1282 2866 cum
1304 2809 1386 2866 unta
1405 2805 1446 2867 sit
1467 2805 1497 2868 in
1515 2807 1597 2870 cnud
1614 2813 1790 2898 ¹nostrarum
1810 2809 1974 2872 litterarum
1992 2831 2044 2892 ge·

347 2943 420 2987 nere
440 2927 614 3000 auctoritas,
635 2931 670 2986 ut
691 2920 779 2986 tacite
807 2919 897 2982 etiam
923 2920 1133 2984 dissentientes
1161 2915 1279 2983 nioveat
1305 2923 1485 3006 meritoque,
1513 2943 1692 3008 quocunque
1711 2927 1881 3002 accesserit,
1905 2949 2044 3010 magnum

347 3035 531 3105 momentum
552 3042 662 3115 alienat,
684 3058 746 3101 non
766 3036 914 3115 iecissem,
933 3044 967 3100 ut
987 3039 1061 3100 haec
1082 3047 1188 3101 contra
1206 3040 1271 3117 ejus
1292 3041 1468 3103 sententiam
1490 3043 1662 3119 scriberem,
1692 3042 1749 3104 uisi
1771 3043 1837 3124 ipse
1860 3063 2044 3124 provocasse

348 3160 442 3241 magis
463 3160 590 3222 aliorum
611 3159 649 3220 de
668 3156 773 3218 eadem
794 3175 828 3216 ra
852 3153 1071 3238 disputationes
1092 3176 1182 3238 quam
1198 3164 1251 3220 aut
1271 3157 1379 3236 omnia,
1406 3178 1484 3241 quae
1509 3159 1540 3221 in
1560 3160 1619 3222 troc
1638 3179 1749 3242 genere
1775 3164 1945 3243 quaerenda
1964 3173 2043 3244 sunt,

348 3284 401 3341 aut
418 3285 533 3359 partem
551 3281 633 3340 certe
657 3273 786 3356 aliquam
805 3281 898 3335 totam
916 3280 1093 3354 persecutus
1114 3293 1181 3336 esse
1194 3275 1355 3340 videretur.
1392 3275 1470 3340 Cum
1482 3277 1560 3339 enim
1579 3278 1611 3339 in
1630 3277 1699 3341 libri
1716 3278 1843 3362 alicujus
1862 3282 1972 3345 veteris
1985 3283 2042 3346 tide

349 3395 399 3458 vel
419 3393 620 3477 impugnanda
640 3391 690 3454 vel
711 3391 898 3454 defendenda
920 3393 996 3453 duae
1015 3411 1064 3454 res
1081 3393 1262 3474 spectrudae
1280 3393 1348 3472 siut,
1369 3395 1499 3475 primum
1519 3413 1562 3472 ea,
1587 3415 1665 3478 quae
1691 3407 1859 3478 tranantur,
1885 3421 1955 3462 num
1975 3421 2045 3464 vera

349 3521 401 3576 aut
421 3512 590 3594 probabilia
610 3511 679 3585 siut,
699 3509 807 3572 deinde
832 3529 905 3571 num
929 3507 1027 3570 oratio
1055 3508 1233 3592 dicendique
1259 3531 1354 3591 genua
1378 3513 1406 3574 ei
1434 3511 1576 3594 scriptori
1602 3523 1632 3578 et
1659 3518 1797 3598 tempori,
1824 3517 1874 3581 cui
1894 3519 2045 3596 tribuitur,

350 3632 517 3707 conveniat,
537 3629 572 3692 C.
596 3631 632 3692 F.
652 3630 840 3690 Hermaunus
864 3645 903 3688 ex
921 3624 1020 3688 altera
1045 3629 1102 3690 hac
1123 3633 1209 3707 parte
1233 3630 1379 3711 quaedam
1400 3629 1441 3692 ita
1461 3631 1608 3710 metavit,
1635 3639 1670 3696 nt
1690 3636 1785 3716 magis
1804 3655 1948 3716 peccasse
1969 3637 2046 3700 alios

349 3767 571 3830 nonnunquam,
594 3745 777 3829 quambene
797 3751 827 3806 et
846 3743 937 3806 iatine
958 3745 1085 3825 scriptas
1107 3765 1174 3808 esse
1196 3749 1248 3809 has
1271 3747 1437 3830 dequibus
1457 3749 1572 3830 ammas
1590 3750 1734 3832 epistolas
1755 3755 1949 3833 persuaserit.
1985 3753 2045 3818 Ac·

351 3865 439 3945 cedit,
460 3865 543 3949 quod
564 3883 633 3926 cum
648 3863 713 3942 ejus
733 3861 963 3942 disputationem
983 3861 1131 3943 legebam,
1152 3864 1328 3948 interimque
1348 3866 1421 3949 ipsis
1434 3865 1572 3948 epistolis
1593 3870 1755 3934 tractandis
1766 3871 1922 3936 manifesta
1932 3873 2046 3956 ubique

502 4151 526 4215 l)
544 4153 645 4204 Titulus
663 4151 722 4204 libri
743 4155 798 4204 est:
820 4149 952 4204 Vindicius
970 4149 1094 4204 librorum
1108 4153 1207 4219 Maria
1225 4163 1404 4223 suspectorum.
1432 4139 1537 4224 lipsiae
1553 4153 1628 4213 tuti.
1666 4159 1759 4211 Insunt
1776 4162 1887 4226 epistota
1905 4151 1996 4218 critica
2013 4165 2047 4218 de

350 4245 444 4295 uatem
468 4243 625 4296 diurnorum
644 4248 767 4296 actorum
791 4245 938 4310 fragmento
962 4245 1159 4308 Dodueiiiano,
1184 4248 1246 4299 data
1269 4249 1304 4300 ad
1330 4249 1466 4300 Victorem
1489 4250 1512 4301 ia
1530 4251 1661 4303 Ciareium
1679 4251 1855 4308 parisiensem
1880 4261 1908 4309 at
1927 4258 2047 4311 defensio

352 4335 465 4388 Cornelii
491 4337 600 4401 Nepotis
623 4339 717 4390 contm
743 4338 881 4389 Aemilium
907 4337 1038 4401 Probum,
1060 4337 1207 4394 librarium.
1252 4342 1281 4391 in
1309 4341 1359 4394 iilis
1382 4342 1450 4393 actis
1472 4343 1574 4396 diurnis
1598 4344 1670 4395 treus
1698 4345 1765 4396 adeo
1791 4350 1931 4404 manimsta
1949 4355 1997 4416 eat,
2018 4356 2048 4404 ut

349 4429 410 4493 jure
429 4429 532 4493 mirera,
550 4431 595 4496 qui
615 4429 674 4481 fieri
693 4431 818 4496 potuerit,
837 4435 867 4481 ut
885 4430 978 4496 aliquis
995 4430 1132 4483 latinitatis
1151 4433 1254 4497 peritus
1279 4436 1306 4484 et
1328 4435 1355 4484 iu
1373 4434 1593 4500 inscriptionibus
1616 4435 1703 4489 latinia
1726 4439 1899 4496 mediocriter
1923 4449 2046 4498 versatus

351 4534 401 4587 pro
419 4522 490 4573 veria
508 4534 541 4573 ea
558 4521 702 4573 defendere
721 4523 816 4586 possit,
842 4525 1002 4587 praesertim
1021 4523 1173 4575 admonitus
1193 4523 1305 4576 aliorum
1325 4525 1544 4581 dubitationibus.

499 4635 526 4704 d)
543 4639 652 4690 inclitae
670 4637 823 4690 academiae
851 4633 1001 4694 dlbe'rtinae
1028 4639 1251 4704 Regiomontauae
1275 4644 1325 4694 tria
1350 4644 1456 4697 saecula
1483 4645 1594 4697 feliciter
1617 4649 1727 4710 paracta
1750 4651 1899 4716 gratulatur
1921 4650 2046 4720 bonaque

351 4731 493 4784 antelmii
512 4731 626 4796 Georgia
641 4731 760 4795 Augusta
776 4731 922 4796 interprete
938 4733 996 4786 Car.
1015 4731 1083 4784 Frid.
1100 4733 1261 4786 Hermanno.
1291 4737 1386 4788 insunt
1403 4739 1535 4790 uindictae
1555 4737 1703 4793 Latinitatis
1724 4743 1896 4808 epistolarum
1910 4745 2045 4801 ciceronis

352 4823 387 4876 ad
406 4824 439 4876 u.
457 4825 569 4876 Brutum
587 4827 615 4876 et
637 4824 711 4874 Bruti
732 4825 767 4876 ad
788 4824 953 4880 Ciceronem.
991 4827 1133 4891 Gdttiugue
1153 4823 1229 4881 isti.
1564 4833 1566 4838 “
1812 4849 1814 4854 ’
