4650 5882
1103 663 1150 734 19

1021 763 1221 778 -n—n—-n-

260 858 364 922 heuss
391 865 492 922 esseut
514 877 532 922 a
552 857 730 924 Markisndo
751 863 782 920 et
804 857 970 924 Tuustnilo.
1009 857 1043 918 in
1065 875 1108 935 ea,
1132 863 1278 938 quaeant
1298 853 1471 919 noulatine
1492 857 1571 920 diets
1592 865 1721 924 autnon
1743 865 1824 922 recte
1848 861 1977 942 cogitata

261 982 322 1040 aut
341 975 441 1057 inepte
458 975 595 1056 exposite
609 974 803 1058 autdeuique
823 976 854 1038 iu
875 975 965 1038 rebus
983 973 1060 1036 meo
1080 981 1201 1036 narrato
1220 972 1287 1049 siut,
1308 973 1408 1037 omnis
1429 975 1686 1040 demonstraturus
1703 998 1778 1044 susn.
1813 982 1900 1060 Quae
1916 999 1977 1062 quo

264 1093 388 1158 heiline
408 1092 514 1172 abiis,
547 1093 599 1175 qui
623 1093 697 1158 haee
719 1092 829 1156 leotnri
851 1101 929 1170 suut,
955 1090 1165 1171 intelligantur,
1185 1091 1280 1173 ipsam
1306 1091 1473 1172 epistolam,
1502 1093 1597 1174 qualis
1622 1095 1652 1155 in
1673 1095 1804 1159 editione
1827 1098 1978 1161 Orellisus

262 1211 386 1294 legitur,
408 1211 601 1293 repetendam
620 1229 687 1274 esee
707 1211 817 1293 putavi

842 1407 1072 1476 vicero
1107 1405 1316 1475 Bruto
1359 1401 1409 1474 S.

276 1609 283 1619 -
395 1567 563 1630 Messalam
584 1565 682 1630 tatu.
724 1565 838 1638 Qsa'bsu
855 1568 956 1648 spem
976 1567 1090 1628 &uersi
1111 1573 1175 1628 tum
1193 1571 1340 1629 acessrote
1358 1567 1480 1647 seriptis
1493 1567 1614 1647 assequi
1625 1587 1761 1648 possum
1781 1570 1923 1636 subts'ls'm
1940 1582 1978 1635 ae

270 1685 425 1766 sapueras,
439 1705 518 1766 quae
534 1692 700 1765 geruntur,
719 1705 853 1766 quaeque
871 1686 937 1746 sint
954 1685 989 1745 in
1009 1705 1044 1745 re
1059 1682 1195 1766 milita,
1215 1704 1309 1764 quam
1326 1682 1385 1746 tibi
1400 1685 1428 1744 is
1448 1692 1587 1764 reponet,
1608 1686 1663 1764 qui
1687 1694 1718 1747 st
1737 1691 1850 1769 optime
1871 1693 1990 1754 omnia

269 1805 362 1876 sunit,
384 1810 416 1864 et
431 1803 655 1883 euquausime
674 1803 814 1883 espeda're
827 1809 858 1864 et
878 1801 1000 1883 deferre
1019 1801 1065 1864 ad
1080 1809 1109 1864 te
1126 1805 1253 1882 potest?
1274 1800 1353 1864 Cave
1373 1803 1456 1862 euim
1476 1803 1636 1878 existimes,
1653 1803 1761 1882 Brute,
1772 1807 1975 1888 (quamquam

269 1938 335 1982 non
353 1917 397 1980 'est
418 1937 542 1996 necesse,
562 1939 600 1982 aa
619 1939 668 1982 me
686 1919 731 1981 ad
752 1926 789 1996 te,
809 1939 888 2000 quae
911 1916 969 1980 tabi
986 1927 1063 1982 nota
1081 1927 1164 1997 sunt,
1185 1917 1329 1980 seuere:
1352 1917 1406 1980 sed
1421 1925 1525 1980 tamen
1546 1925 1669 1982 tautam
1688 1923 1826 1984 omssium
1845 1923 1976 1994 laudum

268 2037 482 2104 scmtlents'am
508 2055 573 2098 nors
602 2055 676 2117 queo
695 2037 816 2100 seientia
829 2038 1029 2117 praeterire)
1062 2057 1135 2099 aava
1146 2043 1247 2116 putes,
1274 2034 1436 2116 probitate,
1467 2039 1651 2115 constantia,
1685 2057 1771 2117 mera,
1807 2041 1908 2103 studio
1930 2045 1979 2104 rei

264 2153 408 2233 pastum
425 2155 588 2234 quiequam
608 2155 661 2216 illi
678 2173 737 2215 essa
755 2155 872 2216 simile:
899 2161 938 2216 ut
960 2156 1140 2236 eloquentia,
1165 2173 1223 2232 qua
1248 2151 1433 2216 mirabiliter
1453 2154 1583 2230 maeltit,
1610 2157 1665 2216 mle
1692 2157 1728 2216 in
1755 2175 1789 2217 eo
1810 2158 1911 2220 toersm
1931 2161 1976 2222 ad

270 2269 466 2334 medam
485 2270 594 2334 babere
611 2271 761 2334 uniemur.
805 2267 1001 2352 Quamquam
1022 2274 1057 2334 s'u
1078 2271 1137 2332 lsao
1157 2273 1233 2350 ipsa,
1261 2273 1415 2350 sapientia
1430 2273 1506 2352 plus
1527 2281 1665 2352 apparet.
1706 2275 1756 2334 lta
1775 2277 1872 2354 graui
1887 2275 1975 2357 justi·

270 2389 328 2464 au,
346 2389 504 2468 multaque
519 2396 587 2450 arte
604 2408 635 2449 se
649 2391 790 2450 armauit
807 2390 843 2449 in
860 2390 1014 2451 uers'ssimo
1034 2409 1146 2468 genere
1163 2388 1292 2451 ds'ceudi.
1339 2390 1446 2450 Tanta
1464 2395 1568 2449 autem
1590 2389 1746 2452 industrie
1767 2399 1819 2468 ast,
1839 2398 1975 2456 tantum—

270 2526 327 2588 que
354 2507 482 2586 evigilat
510 2505 548 2566 s‘rs
573 2506 684 2582 statu,
711 2513 750 2566 ut
778 2523 843 2568 uon
871 2508 1011 2568 maxima
1038 2507 1162 2586 ingentis
1190 2506 1289 2585 (quod
1315 2507 1351 2567 iss
1377 2524 1411 2566 eo
1436 2523 1590 2566 summum
1607 2509 1669 2586 est)
1697 2509 1806 2587 gratia
1834 2507 1974 2574 habenda

270 2623 418 2686 esuum.
458 2623 522 2686 Sed
531 2622 684 2702 praetor
703 2639 813 2685 ausore.
858 2623 930 2684 Non
953 2625 1036 2686 enim
1064 2624 1099 2684 id
1109 2624 1302 2703 propositum
1327 2631 1374 2683 est
1394 2622 1468 2682 issia
1489 2624 1643 2702 epistotae,
1663 2625 1831 2688 Messalam
1848 2633 1887 2686 ut
1903 2628 1973 2688 lau-

269 2741 346 2818 deu,
358 2741 542 2820 praesertim
560 2740 605 2802 mi
622 2740 769 2817 Brutum,
790 2741 844 2802 eui
858 2748 891 2802 et
906 2743 1007 2804 ss'rtus
1027 2742 1114 2804 silius
1132 2759 1196 2802 non
1214 2741 1326 2816 mimus,
1346 2759 1439 2819 quam
1459 2739 1546 2814 mihi,
1573 2747 1649 2801 uota
1673 2749 1727 2818 est,
1751 2750 1784 2804 et
1807 2741 1881 2806 baec
1905 2746 1973 2824 ipsa

266 2859 381 2934 studia,
411 2877 490 2938 quae
510 2857 615 2934 uado,
642 2859 774 2922 notiora.
822 2859 918 2929 Quaem
937 2878 1009 2920 cum
1034 2879 1055 2918 a
1075 2877 1124 2918 me
1145 2859 1318 2933 demittens,
1343 2857 1485 2935 graviter
1504 2854 1646 2936 ferremf
1676 2858 1733 2921 hoa
1761 2858 1884 2922 uiator
1900 2879 1973 2938 uuo,

268 2976 352 3056 quod
368 2975 413 3038 ad
429 2982 466 3053 te,
495 2983 653 3055 tamquam
674 2975 719 3038 ad
740 2976 874 3038 altersuu
895 2997 951 3055 me,
973 2977 1178 3057 proficuam,
1200 2982 1232 3036 et
1249 2974 1356 3055 officio
1367 2971 1580 3054 fungebatur,
1608 2981 1639 3038 et
1659 2975 1782 3037 laudem
1802 2979 1973 3039 marimum

267 3091 454 3172 sequebatur.
489 3093 553 3156 Sed
568 3093 643 3156 baec
662 3091 819 3156 hactenus.
866 3095 957 3157 Ventis
980 3113 1067 3156 nuuc
1088 3094 1180 3172 longo
1198 3112 1272 3154 sana
1292 3091 1455 3153 interuallo
1484 3091 1529 3152 ad
1545 3092 1702 3171 quandum
1722 3095 1888 3174 eputolum,
1910 3115 1973 3174 qua

268 3209 348 3274 mibi
365 3209 466 3272 multa
486 3207 629 3287 tribueras,
647 3230 749 3272 uuum
768 3209 1013 3290 reprehendebas,
1044 3211 1125 3292 quod
1143 3211 1179 3270 in
1199 3207 1364 3271 bonmsbus
1382 3208 1576 3271 muniendo
1594 3229 1684 3270 essem
1702 3211 1817 3272 namtas
1841 3218 1873 3272 et
1892 3217 1971 3271 tam-

269 3347 363 3406 quam
378 3327 537 3408 podagro.
584 3329 637 3390 Tu
656 3327 733 3390 boc.-
769 3328 852 3390 alius
860 3329 1013 3412 fortasse,
1043 3329 1125 3408 qaod
1147 3329 1183 3388 in
1203 3325 1468 3388 ant'tnadvem‘ona
1484 3345 1643 3406 poenaque
1666 3327 1789 3400 busson·
1823 3328 1888 3390 uiri
1895 3325 1972 3410 for-

269 3453 348 3508 tasse
368 3451 535 3523 utramque
554 3452 597 3508 tu.
651 3443 787 3516 Quodsi
808 3449 856 3508 ita
875 3454 928 3524 est,
958 3447 1118 3526 utriusque
1137 3445 1187 3505 rei
1209 3463 1309 3505 meum
1325 3443 1481 3524 quautam
1502 3441 1559 3504 tibi
1578 3445 1667 3524 cupio
1687 3463 1747 3504 esse
1764 3447 1970 3508 notissimum:

267 3583 364 3643 nequa
384 3563 493 3638 solum,
524 3569 562 3622 ut
585 3561 706 3625 &tenu
736 3564 852 3626 da'otum
886 3581 1041 3643 usurpem,
1068 3564 1126 3644 qui
1153 3569 1184 3624 et
1212 3562 1453 3642 sapientissimus
1476 3561 1555 3644 fnit
1586 3581 1625 3620 ea
1652 3567 1778 3640 septem,
1811 3570 1843 3622 et
1869 3563 1971 3644 legum

265 3682 396 3760 scriptor
415 3681 497 3742 solus
517 3699 556 3740 es
580 3685 698 3759 septem.
748 3683 778 3742 Is
805 3701 869 3743 rem
895 3678 1055 3761 publicam
1087 3679 1204 3742 duabus
1229 3677 1317 3740 rebus
1338 3679 1493 3740 contineri
1517 3679 1616 3752 dizit,
1636 3679 1778 3758 praeuio
1806 3685 1839 3740 et
1859 3699 1970 3760 poena.

265 3799 324 3860 Est
348 3797 465 3860 smir’uet
488 3799 649 3875 utriusque
667 3799 717 3858 rei
733 3798 850 3875 modus,
878 3799 958 3860 satsat
979 3799 1178 3878 reliquarum,
1199 3804 1229 3858 et
1250 3795 1399 3877 mussulam
1422 3797 1457 3856 s'a
1485 3802 1613 3874 utroque
1631 3815 1743 3876 genere
1762 3796 1971 3859 meds'om'tas:

268 3913 321 3990 sed
335 3933 399 3979 uass
417 3921 509 3976 tauta
531 3915 567 3976 de
586 3935 621 3976 re
632 3916 824 3995 proposs'tum
845 3923 889 3978 est
906 3916 962 3978 tue
983 3917 1048 3979 loco
1070 3915 1236 3995 dtiputare.
1287 3913 1371 3984 Quid
1401 3932 1455 3993 ego
1482 3919 1586 3974 autem
1604 3920 1724 3974 seoutau
1746 3913 1802 3974 lsoo
1821 3912 1896 3975 bello
1912 3916 1970 3976 sim

268 4031 305 4091 in
323 4034 479 4094 sententiis
497 4032 639 4109 ds'cendis,
659 4033 797 4095 uls‘enum
821 4053 886 4095 non
897 4042 977 4114 puto
998 4035 1126 4113 apen'ra.
1180 4034 1255 4094 Post
1273 4034 1434 4094 interitum
1457 4029 1603 4102 Caesaris,
1630 4037 1664 4104 et
1687 4039 1802 4092 uutrus
1822 4051 1971 4094 memora·

270 4145 342 4210 bites
361 4149 433 4210 Idas
453 4149 602 4225 Martias,
619 4151 728 4226 Bmste,
747 4151 823 4230 quid
839 4170 894 4232 ego
908 4151 1160 4232 praetermissum
1182 4169 1202 4212 a
1222 4148 1310 4227 uobis,
1334 4155 1541 4228 quantamque
1566 4146 1739 4226 sinpendere
1767 4149 1816 4208 rei
1827 4146 1971 4227 publicus

269 4271 472 4346 terupestatem
494 4267 634 4344 dixerim,
655 4287 719 4328 nou
738 4288 768 4329 es
787 4266 905 4332 oblitus.
938 4271 1064 4349 Magna
1078 4269 1173 4348 pestis
1189 4274 1260 4328 erat
1279 4267 1404 4347 depulsa
1419 4285 1479 4345 per
1496 4282 1555 4340 uos,
1576 4283 1694 4344 magna
1711 4265 1823 4345 populi
1832 4266 1972 4328 Romani

266 4383 393 4448 macula
414 4383 528 4446 deleta:
546 4383 628 4448 oobis
645 4404 716 4448 uero
731 4393 829 4464 parta
850 4387 958 4450 dim
975 4387 1099 4470 glanis:
1125 4385 1179 4446 sed
1201 4386 1440 4446 mstrumentum
1465 4383 1559 4462 regni
1584 4381 1720 4444 delatum
1746 4383 1791 4445 ad
1816 4381 1969 4463 Lepidum

266 4508 298 4562 at
314 4501 502 4564 Antonium.-
521 4521 651 4582 quorum
673 4504 753 4566 atter
774 4505 1007 4582 tremutantsor,
1028 4505 1109 4566 alter
1126 4504 1286 4582 impurior,
1301 4509 1428 4582 uterque
1442 4519 1552 4579 paoem
1573 4507 1717 4579 metuens,
1738 4501 1882 4562 insius'aus
1897 4499 1967 4561 otro.

269 4620 328 4680 His
349 4615 527 4682 ardentibus
540 4619 773 4700 perturbandae
800 4623 848 4684 rei
867 4620 1012 4702 publicae
1039 4621 1216 4700 cupiditate,
1236 4620 1319 4700 qaod
1337 4620 1451 4699 opponi
1463 4624 1564 4697 posset
1576 4617 1777 4698 praestitiam,
1798 4635 1860 4678 nou
1881 4612 1969 4676 habe-

268 4733 382 4802 bamus.
423 4741 577 4800 Breuem
594 4741 675 4802 enim
695 4759 726 4800 se
747 4741 863 4820 ciuitas,
886 4742 920 4802 in
942 4739 1104 4802 retinenda
1123 4735 1263 4799 libertate
1282 4737 1477 4800 consentiens.
1519 4737 1672 4798 Nestum
1693 4737 1786 4798 ns'suis
1804 4751 1896 4810 aeres,
1917 4753 1968 4796 uos

260 4854 401 4935 fortasse
420 4859 591 4938 sapientius
608 4859 774 4920 secessistis
793 4855 865 4919 urbe
883 4879 926 4936 ea,
948 4877 1040 4938 quam
1061 4853 1250 4930 liberaretis,
1275 4855 1387 4916 ltaliae
1407 4875 1464 4916 sua
1483 4851 1564 4916 vobis
1583 4855 1686 4916 seuam
1699 4849 1862 4933 profitenti
1878 4851 1968 4913 remi·

1713 4967 1732 5030 3
1746 4967 1767 5009 s
