4650 5882
1096 661 1144 736 27

398 867 465 930 Jem
485 861 669 946 respondere
694 859 798 941 incipit
818 857 955 922 falsarius
977 858 1022 935 iis,
1044 879 1120 940 quae
1140 857 1226 920 Bruti
1246 858 1364 920 nomine
1382 856 1449 920 libr.
1472 861 1533 936 1‚l
1557 857 1730 940 scripserat:
1755 859 1960 938 1111111911-

265 985 340 1048 dem
362 983 514 1047 honestius
527 981 643 1063 pudica
663 979 820 1058 magisque
841 977 923 1056 qeecd
944 977 1103 1037 concedere
1118 978 1217 1056 possit
1239 975 1413 1056 respublica,
1445 978 1623 1038 miserorum
1635 977 1809 1059 fortunam
1829 997 1892 1039 non
1913 980 1961 1038 in·

266 1103 393 1180 sectori,
422 1121 515 1180 quom
544 1099 667 1180 msintte
695 1093 826 1158 tribum
853 1091 1035 1174 potente'lue,
1057 1113 1134 1172 quae
1160 1094 1356 1173 cupiditatem
1379 1101 1410 1153 et
1428 1097 1642 1174 arrogantiam
1664 1097 1822 1158 incendere
1832 1099 1959 1177 possint.

270 1219 344 1290 Qun
364 1221 399 1280 ier
419 1239 461 1296 re,
483 1216 592 1292 Ce'cero,
612 1217 662 1276 ert‘r
679 1215 789 1293 optime
807 1231 846 1275 oc
859 1211 1034 1293 fortissime
1054 1210 1186 1290 miraque
1203 1213 1310 1271 meite
1338 1219 1369 1272 et
1388 1231 1452 1273 meo
1471 1215 1593 1274 noneine
1613 1221 1643 1274 et
1662 1213 1844 1296 respublicae
1867 1215 1961 1275 11111-

267 1338 354 1414 sime,
374 1337 467 1398 eeeins's
486 1333 604 1395 creden
623 1331 736 1394 uideris
758 1330 823 1410 spei
842 1335 921 1406 tune,
942 1330 1104 1407 starentque
1122 1335 1161 1388 ut
1180 1331 1303 1408 purique
1320 1329 1443 1408 aliquid
1461 1338 1540 1392 recte
1555 1330 1681 1411 secent,
1703 1335 1807 1394 omnin
1828 1333 1902 1394 dure
1922 1343 1960 1394 oc

262 1454 451 1534 per-rne'ttere.
473 1487 514 1504 -
537 1451 622 1522 oeae
634 1456 690 1512 tuo
710 1456 755 1510 ert
772 1447 956 1520 humanatae,
975 1463 1070 1525 cepero
1089 1447 1194 1506 nm'mo
1214 1453 1243 1506 te
1260 1447 1380 1508 monere
1392 1447 1529 1525 potr'eris,
1547 1451 1727 1527 praesertim
1749 1449 1785 1511 de
1806 1451 1963 1512 commereri

269 1571 386 1632 salute:
396 1568 503 1650 faceis
520 1575 624 1630 tamen
643 1566 725 1646 quod
744 1563 802 1627 tili
817 1566 913 1626 mnam
926 1563 1043 1643 fuerit,
1072 1565 1164 1624 eleum
1193 1583 1257 1642 ego,
1282 1581 1352 1622 mem
1373 1583 1421 1623 me
1441 1565 1586 1630 domeere's.
1629 1567 1710 1628 ilaec
1730 1566 1795 1647 ipsa
1815 1567 1855 1628 ite
1875 1570 1959 1634 vides

273 1705 340 1750 esse
362 1687 501 1762 instituta,
533 1695 567 1748 ut
586 1685 708 1748 alterius
731 1681 875 1761 epistolae
901 1680 1056 1760 fingendae
1084 1679 1205 1742 occasio
1231 1687 1425 1762 quaereretur
1442 1683 1480 1760 ¹).
1530 1682 1562 1742 ln
1584 1681 1732 1764 principio
1753 1693 1850 1748 autem
1871 1689 1959 1767 hujus

272 1803 531 1886 partisepistnlae
552 1803 697 1866 duceres
725 1806 801 1874 sunt,
832 1799 863 1860 iu
890 1797 997 1881 quibus
1024 1796 1130 1860 merito
1160 1797 1342 1862 haereamus.
1390 1797 1520 1860 Primum
1549 1800 1627 1862 enim
1648 1810 1708 1864 est:
1747 1805 1837 1866 Venio
1857 1837 1897 1853 -
1918 1809 1963 1869 an

271 1923 429 2002 quandam
454 1920 626 2001 epistelm,
653 1939 714 1999 quo
737 1917 815 1978 mcii
839 1917 939 1978 multa
965 1913 1100 1976 tribueres
1124 1935 1222 1976 unum
1248 1914 1489 1996 reprehendebas,
1520 1917 1571 1978 ubi
1600 1926 1720 1999 oportet
1746 1940 1812 1984 esse
1842 1925 1877 1984 in
1899 1945 1959 2004 qun

272 2041 352 2102 erili
368 2039 470 2100 multo
490 2035 632 2098 tribuens.
674 2037 781 2118 Neque
801 2034 879 2127 eriim
900 2038 992 2094 totam
1011 2030 1167 2112 epistolam
1189 2033 1301 2094 Brutus
1320 2033 1477 2100 Ciceronis
1498 2033 1634 2098 laudibus
1654 2053 1887 2119 consumpserat,
1906 2046 1960 2107 sed

275 2164 390 2236 partem
413 2155 505 2218 modo
528 2155 601 2232 ejus.
643 2153 757 2216 Deinde
780 2152 852 2214 ferri
871 2169 934 2212 non
952 2154 1052 2231 potest
1070 2149 1285 2231 nr'si·fortosse
1305 2170 1363 2230 pro
1386 2171 1432 2227 eo,
1456 2152 1538 2233 quod
1560 2171 1626 2214 esse
1647 2161 1767 2234 oportet
1786 2160 1851 2220 nisi
1857 2161 1957 2241 forte.

277 2273 355 2335 Vide
373 2273 482 2336 llaudii
500 2240 698 2334 Tursellinunl
712 2271 797 2332 Torn.
808 2269 834 2332 ll
851 2287 880 2347 p.
892 2269 962 2332 798.
1003 2267 1066 2330 Sed
1085 2275 1244 2349 utrumque
1264 2268 1372 2331 horum
1390 2268 1529 2330 vitiorum
1551 2269 1739 2334 librariorum
1758 2275 1846 2356 culpa
1864 2280 1960 2343 videri

275 2395 466 2470 potestesse
493 2389 615 2466 illatum,
648 2408 709 2450 non
731 2389 899 2469 proiectum
920 2384 958 2448 ab
976 2403 1031 2460 eo,
1060 2385 1111 2467 qui
1141 2385 1214 2448 leaeo
1236 2385 1364 2466 scripsit.
1416 2389 1603 2469 Quemquam
1631 2386 1716 2468 illud,
1745 2394 1825 2472 quod
1847 2395 1960 2463 dubitat

277 2509 361 2589 quasi
380 2507 496 2584 cicero,
529 2519 628 2569 utrum
654 2508 766 2567 Brutus
793 2502 850 2564 sibi
869 2502 989 2565 nimiam
1016 2500 1203 2566 severitatem
1227 2502 1372 2582 objecerit
1398 2523 1454 2565 nec
1475 2523 1523 2581 ne,
1549 2523 1654 2584 perum
1676 2511 1813 2572 convenit
1834 2531 1902 2575 curn
1924 2515 1960 2579 iis

277 2649 352 2712 quae
372 2627 482 2688 Brutus
500 2624 672 2704 scripserat,
691 2621 762 2684 satis
784 2629 886 2700 aperte
904 2620 1087 2702 vituperans,
1112 2621 1193 2702 quod
1216 2620 1323 2682 Cicero
1346 2623 1380 2684 G.
1402 2620 1562 2684 Antonium
1586 2623 1614 2683 iu
1635 2624 1812 2690 Macedonia
1831 2639 1961 2710 captum,

273 2755 307 2810 ut
325 2744 377 2827 qui
400 2743 514 2824 patriae
535 2747 615 2804 esset
635 2739 737 2816 hostis,
758 2738 884 2802 interfici
900 2739 1034 2816 jubebat.
1071 2737 1223 2818 Deinceps
1240 2739 1312 2802 haec
1331 2745 1414 2800 sunt:
1445 2739 1534 2810 Quod
1551 2742 1579 2802 se‘
1596 2741 1643 2802 ita
1663 2753 1714 2820 est,
1738 2748 1895 2826 nimiaque
1915 2757 1965 2814 rea·

271 2881 373 2926 menen
383 2861 540 2941 judicium
560 2855 617 2919 tete·
632 2859 722 2938 cupio
741 2876 799 2918 esse
817 2857 1018 2932 nooinmum,
1037 2875 1132 2936 neque
1150 2857 1258 2931 solum,
1276 2863 1315 2918 ut
1333 2856 1453 2919 aalma
1480 2856 1594 2918 dictum
1617 2879 1768 2940 usurpem,
1795 2866 1960 2941 9111111-

267 2981 477 3063 pientr'ssimus
486 2975 564 3058 suit
577 2995 617 3036 en
634 2983 742 3056 septem
757 2971 790 3054 ²)
806 2981 838 3036 et
857 2975 959 3055 legum
982 2977 1114 3056 scriptor
1139 2973 1220 3035 solus
1246 2995 1285 3036 ee
1312 2979 1429 3054 septem.
1478 2975 1512 3036 ln
1540 2975 1585 3038 uis
1610 2975 1738 3057 primum
1758 2980 1960 3048 animadverto

274 3097 419 3160 inscitiam
437 3093 589 3158 latinitatis
610 3093 641 3156 in
662 3093 756 3155 verbo
776 3092 948 3172 usurpandi.
990 3091 1081 3174 Quod
1103 3091 1180 3154 enim
1203 3101 1250 3154 est
1269 3092 1389 3154 Solonis
1408 3091 1524 3154 rutam
1545 3113 1686 3175 usurpem
1706 3113 1763 3158 nec
1775 3098 1884 3162 cicero
1905 3122 1961 3165 nec

274 3217 429 3298 quisquam
448 3211 524 3274 alius
543 3212 639 3274 bonan
664 3211 796 3291 scriptor
823 3208 863 3270 ita
881 3209 996 3273 disent.
1042 3211 1195 3290 diurpare
1219 3210 1335 3270 dictum
1366 3217 1411 3272 cst
1434 3229 1524 3290 saepe
1551 3229 1588 3274 eo
1613 3214 1665 3290 uti,
1684 3233 1740 3276 usu
1761 3218 1845 3296 qnasi
1864 3226 1960 3281 terere

422 3467 448 3532 1)
466 3467 614 3519 Tunstallus
633 3467 660 3518 in
680 3467 792 3530 epistola
813 3465 847 3516 ad
866 3465 1053 3516 lliddletonem
1071 3480 1096 3530 p.
1112 3462 1172 3525 103,
1191 3467 1279 3517 minus
1296 3469 1370 3517 reete
1393 3466 1551 3530 responderi
1572 3469 1757 3531 patalenes,
1779 3483 1847 3534 quae
1866 3471 1962 3526 Brutus

274 3561 309 3612 ad
324 3561 440 3612 Atticum
460 3539 615 3610 oriminitus
634 3563 692 3610 erat
710 3559 769 3610 libr.
788 3558 809 3620 l,
830 3555 873 3608 17:
891 3559 974 3606 111111
990 3556 1052 3623 quid
1066 3556 1177 3608 scritum
1196 3557 1241 3608 tili
1257 3557 1308 3608 nisi
1324 3573 1407 3620 neuen
1425 3557 1499 3625 pueri
1523 3557 1554 3623 (i.
1575 3575 1596 3608 e.
1616 3557 1766 3626 0111111111)
1789 3569 1814 3610 et
1833 3563 1961 3632 cupidita-

275 3659 324 3702 tem
344 3659 368 3701 et
386 3651 516 3702 licentiam
532 3651 617 3718 pntiees
636 3667 688 3700 esse
707 3650 840 3700 irritatam
858 3665 934 3716 quom
951 3664 1092 3716 repressam
1108 3665 1126 3700 a
1145 3648 1267 3700 Cicerone
1284 3657 1331 3704 etc.
1368 3651 1435 3702 vinc
1455 3655 1543 3702 autom
1562 3665 1642 3716 quom
1658 3651 1809 3717 discrepent
1826 3656 1963 3709 hominum

276 3745 309 3797 dn
327 3745 430 3796 dicendi
448 3759 546 3808 genere
561 3744 667 3807 iudicia.
703 3743 853 3794 Tunstallos
872 3743 940 3791 enim
957 3741 1025 3792 hanc
1043 3743 1128 3805 ipsam
1148 3745 1295 3806 epistolam,
1314 3755 1394 3808 quam
1413 3746 1495 3793 totam
1515 3747 1542 3794 et
1560 3745 1682 3808 imperite
1698 3746 1844 3798 institutam
1868 3752 1895 3799 11
1909 3764 1963 3814 pa-

274 3849 334 3888 rurn
356 3836 434 3887 latine
453 3837 581 3900 scriptam
601 3847 661 3886 csse
679 3835 910 3886 demonstraturus
927 3847 994 3894 sum,
1014 3837 1104 3884 namet
1119 3833 1277 3900 quibusdam
1297 3839 1358 3884 ante
1378 3845 1408 3885 sa
1424 3835 1487 3886 viris
1505 3835 1592 3888 doctis
1613 3839 1639 3888 et
1658 3842 1768 3902 propter
1788 3843 1964 3905 compositio-

276 3931 317 3980 nis
333 3929 472 3980 artiiicium
491 3927 1030 3992 1111111111·111111111111111111111111
1049 3941 1113 3990 praa
1135 3927 1231 3978 ceteris
1247 3925 1371 3978 omnibus
1390 3927 1530 3990 placuisse.
1565 3927 1627 3993 Nec,
1653 3933 1776 3994 quoniam
1800 3933 1879 3984 etiem
1895 3947 1964 3998 pra-

277 4021 413 4072 vissimum
434 4022 550 4085 quidque
566 4019 741 4070 admiratores
757 4031 820 4070 suos
841 4017 939 4070 habere
959 4017 1034 4080 solet,
1057 4031 1110 4068 non
1129 4017 1224 4070 credo:
1243 4030 1403 4082 quemquam
1423 4021 1530 4070 nomina
1550 4020 1652 4072 illorum
1669 4022 1788 4085 judicum
1806 4025 1905 4078 neseio.

423 4135 448 4202 1)
466 4137 670 4201 vituperaverat
690 4137 770 4186 etiarn
790 4135 841 4186 hoc
862 4133 1030 4185 Marklandus
1051 4149 1076 4198 p.
1095 4130 1153 4194 130,
1174 4133 1246 4200 quod
1266 4135 1475 4202 summensteten
1492 4151 1524 4186 en
1540 4143 1634 4204 septem
1653 4138 1695 4190 hie
1714 4139 1814 4192 diceret
1831 4142 1964 4205 Solonem,

278 4242 339 4282 cnm
358 4225 524 4294 dclegpi,
546 4229 575 4279 11
604 4228 696 4280 Thales
721 4227 934 4290 sapientissimus
959 4239 990 4276 en
1017 4229 1121 4290 septem
1149 4227 1306 4278 nominetur.
1350 4229 1387 4279 Eo
1413 4231 1519 4279 numine
1544 4231 1673 4281 acerrime
1690 4233 1856 4296 vituperatus
1873 4240 1914 4286 est
1930 4231 1964 4284 als

278 4323 430 4374 ilermanno
452 4337 478 4386 p.
488 4317 529 4382 16,
548 4321 593 4386 qui
614 4325 703 4370 tamen
723 4331 755 4368 ne
777 4319 833 4380 ipse
851 4317 959 4384 quidem
979 4317 1045 4368 setis
1064 4321 1137 4368 recta
1157 4319 1260 4368 ratione
1279 4321 1368 4370 utitur.
1397 4321 1439 4370 nit
1456 4321 1526 4372 enlm
1547 4323 1573 4372 in
1586 4323 1627 4375 his
1646 4325 1814 4390 superlativis
1833 4341 1884 4377 non
1902 4341 1964 4376 ma-

274 4416 315 4482 gis
333 4415 508 4479 argutundum
528 4427 596 4476 csse,
616 4425 696 4478 quarn
714 4412 736 4462 11
755 4411 847 4460 Cicero
866 4413 893 4460 in
911 4409 1006 4460 lltteris
1024 4409 1252 4460 commendaticiis
1270 4412 1352 4462 modo
1371 4412 1422 4463 hoo
1441 4413 1521 4464 modo
1538 4415 1579 4466 illo
1599 4416 1704 4468 homine
1721 4431 1771 4466 une
1791 4417 1898 4466 emnium
1915 4417 1964 4481 [α-

275 4505 449 4558 niliariseine
467 4519 496 4556 sa
518 4505 555 4554 uti
574 4503 681 4564 scribet,
700 4502 741 4552 vel
760 4500 792 4552 ab
810 4501 866 4553 eliis
882 4503 932 4554 atie
952 4505 1048 4566 petens
1065 4501 1160 4552 ecdem
1178 4505 1299 4566 ternpore
1314 4503 1414 4570 patius
1432 4503 1480 4556 1111
1502 4507 1636 4574 quiequam
1655 4507 1772 4558 eamden
1785 4525 1858 4576 posse
1878 4513 1963 4574 neget

277 4599 324 4652 Est
342 4599 419 4660 enim,
441 4596 513 4662 quod
533 4596 637 4646 differat
656 4596 726 4646 inter
745 4598 887 4658 utrumqne
906 4607 997 4658 genus.
1032 4596 1060 4644 ln
1077 4594 1188 4644 historia
1209 4596 1317 4659 quidem
1333 4596 1475 4660 judiemde
1494 4613 1554 4651 esse
1570 4601 1647 4652 decet
1662 4603 1836 4654 constantem.
1863 4602 1965 4666 thuis

279 4692 357 4744 simul
378 4695 405 4743 11
423 4690 450 4742 Ρ.
470 4687 623 4752 Scipionem
640 4691 668 4740 11
685 4689 827 4740 Caesarem
846 4685 917 4737 dicat
934 4699 1068 4738 summurn
1089 4699 1121 4736 ea
1137 4687 1343 4750 imperatoribus
1361 4688 1548 4752 aomanorum,
1574 4697 1620 4742 aut
1638 4696 1665 4744 11
1683 4692 1853 4744 Hortensium
1870 4697 1897 4744 11
1917 4695 1966 4744 Ci-

277 4797 402 4837 ceronem
425 4780 672 4848 eloquentissimum
693 4793 724 4830 er
746 4777 898 4828 oratoribus
916 4779 1058 4830 Romanis?
1076 4779 1223 4830 reinvita
1242 4783 1375 4832 communi
1394 4781 1470 4834 lacile
1485 4784 1585 4847 judicia
1603 4785 1750 4836 meandum
1769 4788 1888 4848 tempora
1902 4801 1966 4839 mu-

278 4879 377 4929 tantur.
420 4879 587 4938 Quamquam
608 4886 672 4924 saue
691 4871 752 4922 talia
773 4871 861 4921 mincis
883 4871 1007 4936 urgenda,
1027 4885 1104 4935 quarn
1123 4871 1273 4922 laciendum
1291 4885 1351 4924 esse
1370 4874 1481 4938 putabat
1498 4875 1673 4928 llarllaudus.

1717 4973 1768 5036 4*
