4650 5882
1164 605 1214 678 26

1098 705 1296 720 m

352 823 420 866 cero
435 799 523 864 habet
543 801 669 880 mequod
689 809 845 882 tamquam
863 801 1012 882 pabulum
1036 801 1133 866 statii
1157 809 1249 884 atque
1271 801 1441 882 doctrinae,
1470 805 1553 868 atta
1577 813 1623 868 eat
1640 809 1736 870 ctrbaa
1759 815 1910 870 amnne
1923 809 2042 889 pumm-

352 921 428 995 dim,
455 921 509 984 sed
530 920 560 982 in
579 940 615 982 eo
637 920 821 982 cistertium
843 927 933 1000 atque
957 921 1098 981 doctrino
1122 920 1330 1000 conjungenda
1350 929 1427 998 sunt,
1455 923 1540 1003 quasi
1568 923 1608 986 sit
1635 924 1779 988 semideam·
1792 925 1957 1002 doetrinae,
1986 945 2043 988 nec

354 1057 444 1098 unum
463 1045 577 1100 certum
597 1056 691 1118 geraus
713 1037 879 1100 studiorum
897 1037 1014 1112 dicitur,
1033 1044 1066 1100 ut
1088 1037 1114 1098 h.
1134 1037 1154 1101 l.
1175 1037 1352 1119 eloquentia.
1403 1041 1481 1102 Turn
1509 1040 1634 1102 moleste
1662 1042 1736 1118 lero,
1759 1042 1841 1125 quod
1860 1044 1969 1122 grania
1987 1041 2044 1104 Irc-

354 1154 450 1216 dendo
468 1176 527 1216 erre
549 1154 656 1217 dicitur
680 1153 867 1236 eloquentiae
887 1153 1041 1216 Messalae.
1079 1154 1255 1218 Ciceronem
1275 1154 1416 1218 videlicet
1435 1165 1569 1220 servarat
1587 1157 1759 1240 eloquentia
1778 1179 1833 1224 sua
1853 1157 1990 1235 Messala,
2012 1164 2046 1222 ut

355 1273 404 1334 ille
425 1273 473 1333 vel
496 1272 614 1353 ingenio
642 1272 691 1334 vel
720 1271 882 1334 industriae
909 1271 1033 1352 gratiam
1064 1271 1174 1334 habere
1201 1272 1344 1334 deberet?
1385 1273 1433 1336 Aa
1460 1294 1537 1356 quae
1563 1274 1622 1337 alia
1644 1295 1736 1340 causa
1756 1285 1820 1340 erat
1839 1277 1929 1340 animi
1950 1275 2044 1356 grati?

356 1390 502 1454 Nimirum
526 1389 732 1456 declamatoris
755 1391 828 1452 haec
849 1397 925 1467 sunt,
949 1389 999 1471 qui
1021 1389 1052 1450 in
1071 1388 1177 1452 studiis
1199 1396 1229 1452 et
1250 1389 1404 1452 inumbra
1426 1411 1557 1469 versaus,
1585 1392 1611 1456 si
1639 1393 1706 1474 quis
1727 1393 1799 1474 quid
1820 1394 1941 1470 invenit,
1963 1395 1992 1454 ei
2012 1411 2045 1454 se

357 1509 480 1587 gratiam
502 1508 611 1570 debere
636 1507 791 1584 existimat,
813 1527 874 1570 non
896 1508 969 1588 ejus,
991 1506 1041 1586 qul
1065 1505 1165 1568 omnia
1179 1506 1218 1568 ad
1237 1506 1384 1568 actionem
1403 1513 1433 1569 et
1451 1509 1490 1570 ad
1511 1529 1575 1574 rem
1589 1509 1749 1591 gerendam
1762 1513 1862 1575 refert.
1893 1507 2048 1574 Sententia

358 1644 431 1686 vero
452 1626 598 1689 hocloco
621 1624 749 1688 eflicitur
766 1645 890 1705 prorsus
910 1622 1070 1704 praeclara.
1106 1621 1310 1704 Eloquentiam
1328 1625 1475 1688 Messalae
1495 1625 1671 1692 laudaturus
1692 1635 1738 1692 cst
1756 1628 1813 1704 bic,
1834 1625 2047 1710 quisquistuit.

360 1743 420 1804 Sed
439 1745 504 1821 ejus
523 1742 611 1806 laude
632 1742 745 1806 minuta
766 1741 957 1806 substituerat
976 1740 1158 1821 sapientiam,
1182 1758 1268 1821 quam
1288 1741 1414 1819 dicebat,
1431 1763 1489 1824 qua
1511 1743 1581 1808 item
1605 1751 1775 1825 contempta
1789 1746 1853 1823 jam
1873 1742 2048 1808 industriam

359 1860 486 1922 henricis
506 1861 667 1940 praedicat,
689 1879 765 1941 quae
787 1865 866 1920 tanta
885 1857 931 1934 sit,
951 1863 983 1920 ut
1005 1857 1124 1938 ingenio
1150 1875 1210 1918 noa
1234 1858 1362 1924 maxima
1384 1859 1477 1940 gratia
1499 1860 1518 1923 i.
1537 1881 1572 1938 e,
1595 1862 1713 1942 opinor,
1730 1881 1792 1926 non
1812 1861 1853 1926 ita
1872 1879 1979 1942 magna
1998 1859 2049 1922 tri-

359 1977 478 2041 buenda
496 1978 541 2042 sit
585 1978 675 2060 Quod
698 1977 794 2057 ipsum
814 1950 963 2054 ingenium
989 1982 1086 2038 nmen
1114 1973 1203 2038 simul
1229 1995 1376 2040 summum
1402 1997 1470 2040 cum
1499 1977 1588 2056 dicat,
1614 1980 1680 2061 quis
1707 1999 1769 2042 non
1789 1986 1925 2060 quaerat,
1945 1977 1998 2042 ubi
2019 1985 2050 2042 et

361 2094 448 2176 quale
468 2113 533 2157 esse
550 2095 690 2176 potuerit,
712 2094 737 2156 si
756 2092 855 2155 omnia
871 2093 902 2154 in
921 2092 1066 2174 sapientia
1085 2105 1115 2153 ct
1136 2092 1281 2154 industria
1303 2095 1401 2173 posita
1422 2094 1500 2159 sint?
1525 2098 1609 2174 Quae
1627 2117 1695 2160 cum
1717 2097 1757 2160 ita
1778 2097 1845 2173 sint,
1868 2095 1934 2178 quis
1954 2094 2050 2177 possit

360 2233 398 2274 ex
427 2213 471 2276 bis
498 2223 548 2274 aut
579 2211 747 2293 eloquentia
776 2209 922 2274 Messalae
950 2209 1046 2292 qualis
1075 2228 1141 2272 esse
1171 2211 1337 2288 judicetur,
1372 2231 1558 2292 cognoscere
1586 2219 1638 2275 aut
1668 2213 1786 2276 laudem
1812 2213 1933 2276 omniuo
1959 2212 2051 2276 ullam

361 2331 424 2408 ejus
445 2331 595 2392 invenire?
612 2329 636 2405 ¹)

485 2445 703 2510 Praetermissis
718 2446 782 2524 jam
800 2445 930 2527 reliquis,
946 2466 1022 2528 quae
1034 2447 1071 2508 de
1085 2447 1231 2510 Messalae
1248 2446 1336 2508 laude
1357 2447 1508 2523 dicuntur,
1525 2447 1555 2508 in
1575 2446 1681 2528 quibus
1703 2445 1794 2508 verba
1814 2446 1880 2526 ipsa
1900 2466 1961 2510 raon
1981 2450 2050 2508 sunt

364 2565 527 2642 offensioni,
548 2564 699 2641 sententia,
728 2563 810 2645 quod
835 2563 939 2624 sterilia
967 2563 1042 2626 daea
1062 2564 1081 2626 i.
1102 2583 1129 2628 e.
1157 2563 1356 2646 eloquentiam
1383 2565 1479 2628 Bruto
1513 2551 1601 2646 qnam
1621 2563 1677 2628 sibi
1706 2563 1856 2626 notiorem
1879 2581 1947 2625 esse
1968 2562 2050 2640 dicit,

364 2682 504 2744 Ciceroni
525 2702 630 2763 parum
652 2681 799 2758 convenit,
820 2679 1009 2760 pervenimus
1029 2681 1067 2744 ad
1088 2681 1175 2744 liaeo:
1199 2682 1292 2753 Quem
1308 2701 1378 2744 cum
1401 2702 1423 2743 a
1448 2702 1496 2744 mc
1516 2682 1671 2746 demittens
1689 2681 1829 2763 movim
1843 2678 1978 2761 serrem.
2018 2680 2051 2742 ln

366 2799 412 2862 his
442 2819 503 2862 non
530 2800 621 2862 modo
651 2799 731 2878 apud
755 2797 949 2870 Ciceronem,
978 2798 1033 2860 scd
1058 2799 1138 2880 apud
1165 2818 1268 2862 omnes
1290 2799 1388 2862 bonos
1416 2799 1569 2862 latinitatis
1590 2805 1729 2862 auctores
1760 2819 1823 2862 non
1843 2797 1984 2860 serendus
2006 2801 2052 2860 est

367 2920 558 2998 graecmmus.
588 2916 691 2980 Latine
711 2915 869 2996 oportebat
887 2935 967 2978 esse:
993 2915 1087 2986 Quem
1107 2937 1176 2980 cum
1197 2937 1218 2979 a
1238 2935 1286 2980 me
1303 2915 1516 2980 demittendum
1536 2937 1595 2978 erre
1609 2919 1749 2997 graviter
1757 2917 1883 2998 serrem
1903 2914 1951 2976 vel
1964 2933 2052 2994 quem

271 3040 276 3054 “
368 3055 437 3096 cum
458 3056 479 3095 a
497 3054 544 3095 me
564 3032 711 3096 decedere
727 3033 867 3112 pavita
879 3031 1005 3112 ferrem
1027 3033 1076 3096 vel
1095 3033 1236 3098 similiter.
1279 3033 1350 3098 Nou
1377 3033 1407 3096 in
1431 3033 1573 3096 latinitate
1593 3033 1720 3114 quidem,
1750 3030 1854 3094 sedin
1875 3031 1966 3094 totius
1986 3050 2053 3096 sen·

368 3151 476 3214 tentiae
495 3149 711 3232 compositione
731 3155 875 3229 peccatur
891 3148 922 3212 iu
944 3149 979 3212 iis
1001 3171 1076 3231 quae
1097 3159 1277 3234 sequuntur:
1298 3153 1366 3214 Hoc
1385 3149 1508 3214 headar
1527 3169 1599 3226 unc,
1618 3149 1700 3228 prmd
1715 3148 1759 3210 ad
1776 3155 1812 3225 te,
1836 3156 1993 3228 tamqnam
2011 3147 2055 3210 aa

369 3271 501 3333 alterum
519 3289 576 3346 me,
600 3267 795 3346 proficiscens
824 3274 854 3328 et
880 3266 986 3346 officio
996 3267 1197 3348 fungebatur
1222 3277 1252 3330 ct
1272 3268 1394 3330 laudem
1413 3268 1583 3329 macrinum
1602 3265 1786 3346 sequebatur.
1838 3265 1956 3330 Causae
1975 3283 2052 3346 quae

370 3387 546 3450 Ciceronem
577 3387 614 3448 de
638 3385 783 3448 Messalae
804 3384 938 3446 discessu
959 3384 1202 3463 consolarentur,
1237 3393 1376 3466 poterant
1396 3405 1463 3448 esse
1484 3391 1534 3448 aut
1562 3384 1617 3448 liae
1647 3391 1718 3459 tres,
1747 3383 1875 3464 primum
1905 3381 1987 3463 quod
2015 3380 2053 3442 ad

368 3506 410 3569 M.
430 3506 564 3580 Brutum,
583 3502 633 3586 qui
652 3501 727 3564 alter
748 3501 832 3583 quasi
850 3501 868 3564 i.
890 3521 916 3564 e.
935 3502 1130 3567 amicissimus
1152 3503 1242 3566 Tullii
1262 3510 1349 3580 esset,
1370 3501 1621 3585 proficisceretur,
1644 3502 1750 3564 dmude
1771 3500 1854 3582 quod
1873 3499 1975 3564 cilicio
1995 3517 2053 3562 suo

370 3624 551 3702 tangeretur,
571 3629 633 3684 tura
657 3620 738 3702 quod
760 3618 876 3682 laudem
896 3619 1053 3682 maximam
1075 3626 1256 3702 sequeretur,
1283 3629 1334 3682 aut
1353 3620 1435 3682 solae
1458 3619 1543 3697 duae,
1572 3639 1646 3701 quas
1667 3619 1836 3699 posteriore
1864 3615 1934 3678 loco
1955 3616 2053 3698 posui.

369 3737 430 3802 lias
452 3739 524 3800 duas
543 3738 664 3818 proprie
686 3737 767 3800 solas
789 3757 857 3800 cum
878 3737 983 3800 afferre
1003 3737 1095 3800 vellet
1114 3738 1161 3800 hic
1183 3737 1374 3814 declamator,
1390 3757 1428 3800 ne
1455 3746 1553 3801 maren
1573 3736 1709 3813 amicitia,
1732 3755 1808 3818 quae
1830 3735 1908 3796 mter
1925 3735 2050 3798 Brutum

373 3863 402 3920 et
420 3856 496 3918 inter
517 3853 694 3918 Ciceronem
713 3855 774 3930 luit,
799 3853 1018 3935 praeteriretur,
1037 3855 1151 3918 tertiam
1172 3854 1254 3918 illam
1273 3855 1313 3918 ita
1332 3855 1438 3932 intulit,
1461 3861 1494 3918 ut
1515 3854 1633 3935 ineptus
1647 3855 1739 3918 tieret
1775 3851 1854 3930 Quid
1875 3852 1953 3914 enim
1972 3851 2054 3914 aliud

372 3973 527 4052 interiecto
557 3971 609 4036 illo
630 3979 785 4050 temperem
807 3971 849 4034 ad
868 3971 999 4034 etiamn
1028 3993 1076 4034 aaa
1101 3972 1260 4052 significari
1282 3979 1381 4054 potest
1405 3973 1462 4036 nisi
1484 3991 1572 4034 causa
1593 3972 1677 4055 quasi
1702 3969 1855 4053 quaedam,
1878 3990 1932 4032 cnr
1951 3968 2053 4032 cilicio

371 4092 511 4172 iurgatur
528 4096 558 4151 et
579 4089 698 4152 laudern
716 4096 857 4171 sequatur
873 4088 1008 4166 Messala,
1031 4089 1115 4172 quasi
1138 4089 1229 4152 latiae
1254 4090 1294 4152 ita
1308 4089 1403 4153 dicas:
1426 4091 1470 4152 cd
1487 4097 1515 4151 a
1530 4090 1734 4172 proficimus,
1752 4089 1895 4167 maantam
1907 4087 1986 4150 alter
2000 4105 2054 4167 ego

374 4231 410 4286 m,
435 4216 465 4270 et
483 4207 589 4289 officio
598 4205 799 4287 frangebatur
818 4209 886 4269 etc?
1883 4177 1885 4180 Ι

373 4329 565 4344 β-...μ-

519 4372 546 4436 1)
562 4374 655 4425 Cicero
671 4376 730 4438 ipse
748 4375 811 4440 quid
831 4375 864 4426 de
881 4375 991 4427 Messala
1004 4375 1137 4439 judicarit,
1157 4378 1275 4442 ignotum
1295 4379 1348 4436 est;
1369 4375 1518 4437 Quintiliani
1537 4377 1565 4439 a,
1583 4374 1606 4439 t,
1625 4371 1674 4426 113
1691 4376 1742 4426 hoc
1761 4373 1931 4426 memorabile
1949 4375 1990 4424 est
2006 4373 2055 4436 jn-

376 4467 485 4520 dictum:
520 4463 632 4516 Mareia
650 4465 744 4516 nitidae
763 4473 788 4516 et
800 4467 921 4517 candidae
941 4473 965 4516 et
985 4466 1164 4534 quodammodo
1182 4469 1390 4536 praeseferens
1409 4468 1438 4516 ira
1458 4467 1562 4519 dicendo
1577 4465 1734 4518 nobilitatem
1750 4466 1946 4517 nemetense
1963 4463 2054 4524 minor,

376 4563 499 4625 idemque
522 4556 635 4619 arato,
657 4555 686 4608 11
712 4557 859 4624 alienitatem
885 4559 1010 4614 Messalae
1031 4560 1128 4611 iaudat.
1175 4562 1213 4613 ite
1237 4560 1330 4612 eodem
1358 4563 1451 4612 senec.
1479 4561 1604 4613 Controv.
1631 4561 1660 4623 11,
1686 4557 1719 4610 11
1744 4574 1769 4624 p.
1789 4557 1835 4612 191
1866 4558 1926 4608 Fati
1945 4553 2056 4607 uersata

376 4649 530 4704 merebant
547 4649 683 4716 inpertitis
699 4666 781 4700 omnes
798 4651 896 4717 quiden
914 4652 1054 4702 ataadiamm
1065 4659 1161 4718 partes,
1181 4651 1255 4702 latim
1273 4651 1360 4718 eaque
1377 4652 1498 4703 ammonis
1516 4651 1663 4704 obseruator
1679 4649 1888 4720 dilipentiariaaea.
1917 4648 1980 4700 inde
1992 4663 2054 4700 ma-

375 4747 445 4798 xime
458 4747 501 4795 hic
514 4743 684 4804 declamator,
706 4745 750 4808 qui
768 4743 815 4794 has
833 4744 957 4805 epistolas
977 4746 1059 4806 tinxit,
1079 4749 1106 4795 ct
1122 4743 1276 4794 vecanam
1293 4740 1393 4792 dicendi
1407 4759 1492 4809 penas,
1512 4745 1583 4810 qnod
1602 4746 1748 4810 pertineret
1766 4746 1800 4796 ad
1818 4743 1975 4795 latinitatem
1991 4743 2055 4794 dili-

377 4838 528 4902 genttssime
546 4834 724 4897 observatam,
744 4840 771 4888 et
789 4833 947 4900 industriam,
968 4851 1021 4904 quc
1040 4839 1231 4901 exprimeretur
1249 4834 1374 4902 icamiam
1394 4837 1587 4900 marturinam,
1611 4839 1716 4891 videtur
1734 4839 1863 4892 effecisse.
