4650 5882
1183 619 1207 692 4

1094 719 1294 733 -——

350 814 394 876 xit
412 812 481 874 huic
499 811 691 894 disputationi
711 813 915 896 quaestionem
933 813 1006 877 satis
1024 813 1152 896 amplam
1173 815 1212 876 de
1231 815 1426 896 epistolarum
1437 819 1595 882 Ciceronis
1606 821 1644 883 ad
1655 823 1831 886 blssrntum
1841 825 1985 907 Brutique
2004 826 2043 886 ad

350 931 529 996 Ciceronem
548 927 700 1014 adllsariq,
719 939 752 994 ut
773 931 846 994 dicit
860 931 897 1012 ¹).
946 933 1084 1014 Scriptus
1108 930 1185 994 liber
1207 939 1254 995 ast
1279 936 1414 1000 modeste
1438 945 1469 1000 et
1488 945 1623 1001 remum
1649 939 1687 1000 ab
1714 941 1796 1002 omni
1817 943 1989 1020 arrogantia
2004 941 2042 1018 ²).

349 1051 542 1133 Argumentis
560 1050 652 1114 utitur
675 1051 857 1127 Tunstallus,
879 1071 1057 1134 quamquam
1078 1057 1108 1112 et
1127 1050 1158 1112 iu
1175 1051 1266 1114 rebus
1288 1059 1318 1114 et
1338 1054 1368 1115 iu
1383 1055 1501 1116 dicendi
1522 1075 1632 1135 geum
1653 1055 1747 1120 multa
1765 1059 1836 1121 vitia
1857 1079 1891 1122 se
1912 1059 2043 1122 animad-

349 1169 475 1232 vertisse
496 1169 578 1246 dicit,
603 1167 778 1250 plerumque
805 1168 968 1230 historicis:
991 1175 1133 1231 nomnbnr
1158 1169 1287 1250 primum
1310 1173 1455 1235 nonnulla
1479 1173 1646 1236 secundum
1672 1175 1868 1257 epistolarum
1895 1177 2042 1254 omnem,

350 1296 414 1350 tum
434 1287 578 1364 homines,
594 1307 724 1371 quorum
743 1305 792 1348 res
814 1293 844 1347 et
864 1305 973 1348 musae
997 1288 1027 1348 iu
1048 1287 1085 1349 iis
1106 1295 1389 1366 commemorantur,
1408 1299 1613 1367 recensentur,
1635 1293 1714 1354 etin
1734 1293 1861 1374 singulis
1882 1295 1953 1377 quid
1971 1314 2042 1376 pee-

349 1414 448 1469 catum
475 1407 523 1486 eit,
551 1405 726 1469 ostenditur.
774 1404 808 1466 ln
832 1405 888 1466 bac
913 1412 998 1484 parte
1023 1405 1123 1468 mantis
1148 1405 1335 1468 documentis
1362 1414 1392 1469 et
1410 1410 1586 1472 testimoniis
1604 1409 1714 1472 utitur:
1742 1411 1773 1472 in
1795 1412 1914 1474 dicendi
1932 1429 2042 1492 genere

348 1545 425 1608 quae
445 1525 661 1610 vituperentur,
690 1520 797 1584 leviter
824 1521 918 1604 magis
946 1522 1150 1604 significantur
1179 1542 1267 1606 quam
1297 1524 1492 1605 explicantur.
1546 1527 1603 1590 Oui
1634 1525 1714 1590 libro
1745 1547 1815 1590 cum
1836 1529 2042 1610 respondisset

345 1643 511 1706 bliddletou
533 1641 663 1704 editione
685 1638 890 1722 epistolarum,
912 1661 988 1723 quae
1006 1640 1128 1704 biennio
1149 1649 1221 1722 post
1238 1642 1378 1704 Londinii
1396 1643 1519 1723 prodiit,
1538 1652 1656 1708 veteres
1682 1664 1804 1710 errores
1830 1655 1986 1728 repetens,
2012 1653 2043 1708 et

346 1763 411 1844 ipse
430 1760 602 1826 Tuustallus
622 1759 804 1841 paulopost
824 1758 940 1839 anglice
959 1759 1051 1822 edidit
1069 1757 1287 1822 obsmata'oncs
1305 1761 1341 1822 dc
1361 1762 1536 1823 colleebbnc
1557 1763 1756 1843 epistolarum
1774 1763 1926 1828 Οιὶκνοπὺ
1943 1773 1975 1826 ct
1993 1765 2041 1826 M.

344 1881 448 1958 Bruti,
467 1880 576 1962 quibus
593 1877 737 1942 nonnulla
761 1875 917 1940 mmilesta
944 1877 1055 1941 indicia
1075 1877 1190 1940 frondis
1217 1879 1460 1958 exponebantur,
1487 1885 1517 1940 et
1540 1879 1661 1943 biennio
1689 1889 1760 1961 post
1779 1882 1876 1944 extitit
1895 1882 2042 1944 Jeremias

343 1997 545 2074 Marklandus,
567 1998 638 2060 item
658 1995 921 2076 omnbrigtensts,
940 1995 1079 2078 quicum
1099 1993 1314 2058 bliddletonem
1332 2017 1420 2080 quarn
1441 1996 1514 2059 nibil
1534 1996 1648 2058 smeret
1667 2004 1739 2076 arte,
1761 2019 1838 2082 quae
1856 1999 1965 2062 dicitur
1986 1999 2043 2061 cri-

342 2116 411 2193 tica,
433 2135 561 2196 prorsus
580 2113 790 2196 perspexisset,
813 2114 1005 2176 confirmatus
1026 2119 1184 2194 praeterea
1202 2113 1350 2178 Tuustalli
1369 2115 1554 2192 anctoritate,
1584 2115 1782 2179 confidentius
1803 2119 1866 2195 jam
1894 2125 1924 2180 et
1957 2137 2040 2180 acer·

341 2235 409 2298 bius
430 2253 519 2314 agere
545 2229 699 2312 coepit³).

467 2351 527 2433 Qui
548 2371 616 2412 cum
635 2349 783 2431 triplicem
804 2347 980 2412 divisionem
1009 2349 1192 2432 quaestionis
1221 2369 1295 2414 suae
1323 2351 1509 2426 instituisset,
1540 2359 1574 2414 ut
1600 2352 1729 2432 primum
1757 2371 1795 2414 ex
1825 2353 1893 2433 ipso
1922 2351 2039 2416 dicendi

341 2489 460 2551 genere,
478 2467 585 2530 deiude
603 2474 637 2530 ut
658 2486 696 2530 ex
713 2467 820 2543 rebus,
843 2485 920 2549 quae
949 2473 1116 2545 nouantur,
1147 2467 1276 2550 denique
1306 2476 1339 2532 ut
1367 2489 1405 2531 ex
1423 2468 1500 2531 mala
1521 2469 1748 2532 ratiocinatione
1770 2470 2039 2553 sententiarumque

340 2589 485 2671 pravitate
508 2584 642 2648 fraudem
662 2587 889 2661 demonstraret,
910 2604 978 2648 euru
995 2585 1107 2663 locum,
1125 2585 1176 2668 qui
1198 2587 1314 2649 medius
1335 2593 1391 2662 est,
1412 2588 1508 2650 minus
1528 2593 1668 2650 accurate
1694 2589 1844 2670 exposuit,
1865 2608 1954 2670 quem
1976 2589 2040 2672 qui-

341 2706 410 2768 dem
431 2723 528 2786 prope
550 2709 646 2767 totum
677 2702 871 2767 a'l'uustallo
900 2709 1081 2784 occupatum
1110 2703 1303 2785 intelligeret:
1334 2705 1380 2780 in,
1396 2704 1538 2768 latinitate
1559 2705 1753 2769 examinanda
1781 2705 1942 2787 praecipua
1973 2707 2038 2784 ejus

339 2823 385 2888 vis
407 2823 505 2905 posita
528 2829 580 2886 est.
619 2824 692 2886 Post
710 2821 918 2886 Marklandnm
936 2841 1036 2899 uerno,
1064 2829 1206 2904 quantum
1234 2823 1336 2900 sciam,
1358 2820 1460 2903 paullo
1482 2820 1627 2886 illustrior
1654 2825 1685 2886 in
1713 2824 1826 2886 nostris
1848 2823 1956 2886 litteris
1973 2825 2036 2902 tuit

341 2940 413 3022 quin
434 2941 498 3004 sive
520 2941 591 3023 quia
608 2940 651 3002 illi
673 2941 812 3004 credebat
832 2940 896 3002 sive
917 2940 987 3024 quia
1007 2937 1114 3001 itasibi
1132 2941 1197 3022 ipse
1209 2941 1316 3003 tacitns
1328 2947 1527 3020 persuaserat,
1540 2940 1682 3022 epistolas
1696 2943 1762 3004 illas
1774 2943 2035 3024 contempserit⁸).

491 3195 514 3262 l)
532 3197 633 3248 Titulus
652 3193 711 3246 librl
732 3199 787 3249 est:
811 3194 931 3264 Epistola
954 3195 991 3246 ad
1013 3197 1096 3247 cimas
1117 3195 1242 3247 eruditum
1264 3195 1381 3263 conpara.
1404 3195 1643 3256 mutuaenutuae
1670 3193 1703 3245 n.
1729 3193 1755 3245 Τ.
1776 3194 1906 3250 swerent:
1924 3199 2037 3267 scripto-

340 3305 409 3352 rem;
428 3289 456 3340 in
474 3305 532 3357 qua,
551 3305 583 3338 aa
602 3285 664 3338 locis
684 3289 736 3352 ejus
754 3288 837 3356 operis
852 3305 928 3356 quarn
938 3287 1067 3356 plurimis,
1086 3289 1256 3340 recensionem
1278 3289 1407 3340 Ciceronis
1425 3287 1589 3358 epbtolanarn
1606 3285 1642 3337 nd
1659 3285 1775 3338 Atticum
1798 3296 1824 3340 ct
1843 3289 1962 3352 Quantam
1976 3293 2036 3356 sra-

341 3390 405 3434 trem
423 3381 564 3434 desiderari
580 3377 738 3444 ostenditnr5
756 3380 787 3431 da
805 3378 911 3433 illusum
928 3397 998 3444 sero,
1013 3398 1078 3449 qaue
1090 3381 1219 3433 Ciceronis
1236 3381 1272 3432 od
1288 3381 1323 3432 nt.
1337 3383 1453 3444 Brutum,
1464 3381 1590 3447 Brutique
1607 3379 1643 3430 ad
1656 3377 1800 3430 Ciceronem
1815 3379 1890 3448 culpo
1907 3383 2035 3446 sanatur,

341 3473 505 3544 epistolam
525 3469 646 3544 ablaariq
661 3470 788 3524 numella
807 3472 973 3526 discernatur.
1010 3472 1124 3525 Auctore
1142 3473 1241 3525 Jacobo
1262 3472 1380 3525 Tanstall
1394 3481 1440 3525 etc.
1477 3472 1661 3538 cantabrigiae
1675 3469 1751 3525 1741.
1780 3473 1819 3526 lle
1841 3475 1881 3526 bis
1900 3477 2036 3528 Ciceronis

340 3569 467 3636 Brutique
484 3569 603 3634 epistolis
623 3568 775 3632 disputatur
794 3580 821 3632 p.
841 3561 890 3618 tun
908 3581 994 3631 usque
1013 3568 1047 3618 ad
1065 3581 1090 3631 p.
1111 3564 1169 3619 253.

488 3685 514 3749 2)
534 3684 621 3736 Verba
639 3685 696 3746 eius
714 3685 781 3736 hoec
798 3688 861 3735 sunt
879 3698 906 3749 p.
927 3683 991 3736 192:
1019 3683 1076 3745 Onu
1104 3683 1203 3751 quidem
1227 3683 1258 3734 de
1284 3699 1314 3733 re
1334 3682 1387 3734 scio
1408 3689 1505 3750 quanta
1533 3695 1589 3730 caan
1606 3681 1759 3732 uerecundia
1776 3681 1899 3748 agendam
1916 3683 1961 3747 sit,
1980 3701 2036 3736 wan

340 3791 391 3830 non
408 3774 489 3827 solnm
505 3783 596 3826 contra
611 3775 740 3842 opiniones
757 3774 883 3826 bominum
893 3777 954 3840 jum
972 3775 1016 3828 dias
1035 3776 1198 3840 inveteratas,
1217 3775 1262 3827 sed
1281 3783 1373 3827 contro
1388 3773 1558 3844 plurimorum
1577 3772 1654 3824 etiam
1679 3772 1824 3824 uoluntates
1848 3773 1911 3825 mibi
1932 3777 1967 3827 sit
1989 3778 2034 3842 su·

342 3877 402 3922 tura
422 3867 584 3932 concutiatis,
612 3869 728 3936 itemque
749 3870 775 3920 lu
800 3869 852 3922 tine
873 3871 1036 3936 quaestionis
1063 3884 1089 3934 p.
1108 3867 1174 3923 251:
1198 3868 1254 3938 Epo
1281 3869 1384 3920 interim
1407 3867 1468 3917 milei
1492 3881 1651 3934 neqaaaqaona
1676 3873 1775 3916 tantam
1801 3882 1906 3934 arropo,
1923 3876 1952 3918 nt
1969 3868 2037 3937 quad

341 3961 414 4030 lonqe
431 3961 556 4012 doctiores
573 3960 735 4028 marma
754 3977 810 4012 mam
828 3960 903 4014 laude
921 3963 950 4014 in
973 3961 1102 4014 Charonis
1128 3959 1202 4012 rebus
1219 3961 1372 4029 scriptisque
1389 3959 1526 4011 marcitati
1542 3975 1593 4009 non
1609 3957 1719 4020 uidistis,
1745 3957 1774 4007 id
1796 3961 1910 4024 mejam
1926 3962 2035 4028 priniana

339 4053 431 4106 uiduae
445 4053 551 4120 fidenter
570 4053 703 4120 offirmata.
743 4053 863 4106 Rationes
889 4071 921 4106 ce
942 4053 1016 4106 rebus
1043 4055 1106 4124 ipsis
1125 4062 1202 4122 atque
1220 4051 1386 4123 epistolarum
1407 4052 1521 4121 ipsarum
1546 4051 1645 4120 ingenio
1673 4049 1941 4120 depromptus—libere
1960 4063 2035 4122 atque

339 4147 444 4216 inpensas
460 4144 589 4216 proposui.

493 4261 519 4328 ³)
536 4263 636 4314 Titulus
655 4263 712 4326 eius
728 4261 786 4314 libri
808 4267 863 4314 est:
882 4261 1005 4316 liemarlrs
1022 4279 1055 4316 on
1072 4261 1113 4314 tlte
1132 4261 1232 4332 epistlas
1249 4264 1282 4330 os
1296 4261 1384 4314 (licem
1403 4270 1428 4314 to
1446 4261 1542 4314 Bnauas
1558 4261 1612 4314 arad
1629 4261 1661 4326 a!
1676 4259 1772 4314 Brutus
1788 4267 1813 4310 to
1836 4259 1941 4313 Cicero.-
1967 4263 1998 4314 la
2017 4281 2035 4314 a

342 4353 416 4410 latter
429 4363 455 4408 to
474 4371 492 4408 a
505 4354 592 4420 saiand
607 4361 653 4408 ete.
684 4356 794 4408 London
813 4354 887 4410 17tn.

485 4472 511 4538 4)
528 4473 637 4538 Excepit
655 4477 743 4524 tumen
763 4475 931 4528 Marklandus
950 4487 982 4526 ex
999 4475 1178 4526 damnationis
1198 4475 1262 4539 lege,
1284 4486 1338 4538 qua
1364 4473 1469 4525 ceteras
1496 4471 1623 4537 epistolas
1639 4471 1849 4533 comprehendit.
1869 4471 1946 4530 duas,
1966 4485 2033 4535 earn,

341 4579 410 4632 quae
426 4568 512 4631 prima
528 4567 570 4618 est
589 4565 669 4630 primi
687 4565 754 4629 libri,
771 4579 839 4630 quae
859 4581 909 4619 neo
927 4568 1021 4618 vitium
1039 4567 1150 4618 haberet
1168 4567 1250 4618 ullum
1268 4569 1295 4618 et
1321 4567 1397 4629 quus
1418 4567 1549 4617 sententia
1576 4564 1663 4627 prime
1682 4565 1811 4616 citaretur
1829 4561 1901 4626 apud
1920 4563 2032 4614 Nouium

340 4673 366 4724 p.
386 4653 444 4724 421,
462 4655 503 4722 dl,
522 4662 579 4709 tum
599 4671 666 4720 eam,
685 4671 754 4724 quae
773 4661 816 4710 est
834 4663 929 4710 octava
948 4657 1009 4710 libri
1029 4658 1155 4722 eiusdem,
1172 4659 1199 4709 in
1220 4671 1273 4725 qua
1289 4659 1351 4710 nihil
1369 4659 1507 4720 inveniret,
1528 4656 1601 4723 qood
1619 4656 1792 4720 vituperaret,
1813 4654 1863 4705 sed
1883 4653 1951 4704 banc
1968 4657 2033 4720 qut·

340 4750 401 4802 dem
417 4751 526 4802 alteram
545 4749 697 4802 dubitanter
716 4754 744 4802 ct
760 4751 806 4812 tte,
832 4754 862 4802 ut
883 4751 976 4803 taleam
999 4763 1059 4802 essa
1086 4765 1168 4818 posse
1186 4750 1355 4804 concederet.
1396 4752 1435 4812 ld,
1461 4753 1484 4802 st
1507 4750 1631 4801 constare
1654 4747 1704 4800 sibi
1731 4745 1845 4806 volebat,
1872 4744 1960 4796 lacere
1979 4760 2032 4798 uon

339 4841 439 4896 debuit
476 4843 503 4896 Si
523 4843 592 4896 enim
612 4841 734 4894 falsarius
751 4843 800 4906 illo,
825 4844 871 4910 qui
896 4843 944 4896 hus
972 4845 1098 4908 epistolas
1122 4843 1203 4906 fiuxit,
1230 4857 1261 4895 ex
1288 4845 1358 4896 veris
1384 4844 1518 4896 Ciceronis
1545 4839 1664 4903 epistolis
1690 4839 1854 4905 composuit,
1877 4837 1933 4889 fleri
1952 4842 2032 4892 ettam
