4650 5882
1098 677 1145 752 17

1016 777 1218 794 Η

257 872 345 938 alins
362 875 490 957 baguae,
512 875 567 938 sed
589 881 672 938 recte
693 874 846 956 cogitandi
862 875 945 956 leges
965 893 1056 955 posse
1076 875 1192 938 violari.
1229 875 1365 956 Epistola
1385 884 1519 959 quarta
1543 877 1686 941 decima
1711 878 1779 942 libr.
1799 879 1821 942 Ι.
1854 878 1963 941 Cicero

256 991 359 1054 lilium
394 1013 482 1056 snum
502 995 599 1056 Bruto
621 992 810 1058 commendat
835 1011 962 1074 eumque
983 993 1132 1070 admonet,
1164 998 1199 1054 nt
1228 994 1293 1074 ipse
1322 993 1353 1055 in
1380 994 1492 1056 ltaliam
1519 996 1663 1059 adveniat
1714 999 1791 1060 Sunt
1813 998 1853 1060 ibi
1875 999 1963 1060 baec:

265 1109 372 1180 Quare
394 1113 482 1172 omrai
497 1111 598 1173 studio
616 1131 638 1173 a
659 1119 695 1188 te,
717 1113 762 1172 mi
782 1111 888 1187 Brute,
909 1111 1065 1186 contendo,
1085 1118 1124 1171 nt
1144 1109 1317 1175 Ciceronem
1337 1131 1438 1172 meam
1466 1133 1506 1173 rae
1535 1114 1675 1174 dimittas
1694 1121 1851 1196 tecumque
1871 1115 1965 1178 dedu-

264 1245 335 1289 car:
354 1229 456 1310 qnod
484 1227 619 1308 ipsum,
640 1230 670 1291 ri
683 1225 911 1308 rempublicam,
932 1229 986 1288 caa'
999 1235 1153 1308 susceptat
1171 1248 1209 1306 er,
1233 1231 1364 1310 respicis,
1393 1227 1451 1290 atr·
1465 1230 1536 1309 J'ctm
1554 1231 1683 1311 jamque
1701 1233 1894 1312 faciendum
1914 1238 1964 1294 ert.

265 1345 500 1426 vituperaverat
519 1347 592 1410 baec
611 1345 805 1410 Marklandus
827 1365 856 1424 p.
877 1345 954 1407 905:
984 1345 1118 1426 ineptum
1149 1346 1227 1407 enim
1257 1365 1332 1424 esse,
1366 1346 1448 1429 quod
1470 1345 1587 1410 dicatur
1607 1349 1638 1409 in
1660 1347 1807 1413 Cicerone
1828 1349 1891 1412 tilio
1915 1351 1966 1412 de-

268 1463 410 1526 ducendo
430 1465 529 1545 posita
559 1483 627 1528 esse
652 1463 697 1525 aei
724 1461 863 1544 publicae
882 1459 972 1524 salus.
1021 1464 1087 1524 Jam
1115 1465 1302 1526 llermannus
1319 1485 1349 1545 p.
1370 1467 1419 1540 46,
1453 1463 1493 1526 ita
1513 1484 1639 1544 prorsus
1668 1467 1753 1547 quasi
1773 1467 1965 1531 lllarlrlandua

270 1598 334 1642 non
357 1581 427 1643 sads
446 1582 581 1662 potuerit
605 1582 685 1646 huuc
711 1580 815 1644 locum
842 1578 1016 1660 intelligere,
1047 1580 1112 1660 ipse
1133 1581 1272 1662 explicat,
1302 1581 1373 1664 quid
1391 1579 1522 1644 voluerit
1547 1583 1595 1644 bic
1624 1583 1773 1646 falsarius:
1807 1586 1832 1648 si
1853 1587 1966 1648 Brutus

270 1697 398 1762 deducat
418 1699 511 1762 lilium
531 1698 720 1775 Ciceronem,
741 1698 839 1779 ipsum
857 1697 946 1760 etiam
967 1696 1070 1760 venire
1090 1699 1120 1758 in
1142 1698 1265 1774 ltaliam,
1299 1706 1388 1781 atque
1407 1700 1475 1778 boc,
1502 1704 1535 1762 nt
1557 1701 1670 1762 Brutus
1689 1701 1798 1779 veniat,
1821 1702 1967 1765 interesse

270 1815 463 1897 reipublicae.
505 1815 546 1878 At
567 1817 619 1880 illa
638 1817 706 1898 quis
728 1835 789 1878 nou
812 1820 919 1896 sponte
938 1814 1096 1896 intelligit?
1117 1817 1326 1878 Demonstrati
1345 1823 1444 1878 autem
1458 1819 1625 1897 oportebat,
1638 1824 1690 1880 aut
1708 1821 1864 1882 relativum
1877 1840 1968 1900 posse

269 1935 308 1996 ad
330 1935 361 1996 id
381 1935 502 2016 apponi,
522 1955 584 2017 quo
605 1953 668 1997 non
689 1934 842 2015 pertineat,
863 1939 923 2010 aut,
943 1931 970 1994 si
991 1932 1178 2015 negligenter
1197 1953 1258 1996 non
1282 1934 1403 2011 dictum,
1425 1935 1480 1996 sed
1502 1935 1664 2017 cogitatum
1685 1955 1753 2000 csse
1778 1939 1968 2016 concederet,

269 2049 302 2114 id
323 2053 407 2135 quod
427 2059 492 2116 erat
511 2052 540 2114 ei
560 2051 793 2129 concedendum,
815 2052 891 2114 bane
912 2051 1064 2130 cogitandi
1085 2051 1294 2132 negligentiam
1314 2051 1433 2114 solitam
1451 2071 1518 2116 esse
1542 2053 1573 2113 in
1590 2053 1741 2116 veteribus
1760 2054 1966 2134 scriptoribus.

269 2169 447 2234 Simillimus
467 2177 513 2232 est
534 2169 610 2232 alter
627 2169 714 2232 locus
734 2169 765 2230 in
785 2167 914 2250 epistola
938 2168 1272 2250 duodevigesima:
1310 2169 1455 2232 Maximo
1477 2178 1592 2247 autem,
1615 2192 1685 2233 cam
1702 2171 1777 2235 haec
1795 2169 1966 2250 scribebam,

271 2286 438 2368 affim‘ebar
453 2289 561 2364 dolare,
581 2286 669 2366 quod,
691 2305 761 2347 earm
782 2305 830 2346 me
845 2305 907 2366 pro
926 2285 1149 2348 adolescentulo
1174 2307 1212 2348 ac
1221 2305 1323 2366 paene
1340 2305 1437 2366 puero
1464 2285 1497 2365 (i.
1516 2307 1541 2349 e.
1563 2308 1622 2370 pro
1642 2291 1822 2371 Octaviano)
1843 2311 1891 2351 res
1906 2311 1968 2370 pu-

271 2401 352 2466 bliea
370 2408 529 2486 accepa'sret
555 2403 673 2479 radent,
697 2405 752 2464 cir
772 2401 911 2481 videbar,
938 2405 1021 2483 quod
1030 2405 1250 2484 promiseram,
1274 2413 1434 2483 praestare
1447 2424 1541 2485 posse.
1582 2407 1641 2468 Est
1664 2414 1766 2468 autem
1792 2410 1920 2488 gram'cr
1939 2414 1968 2468 et

272 2521 437 2604 difficilior
455 2524 556 2584 aniani
568 2530 599 2584 et
610 2522 785 2598 tententiae,
807 2523 953 2583 maraine
967 2525 1150 2602 praecariam
1168 2524 1203 2582 in
1223 2520 1318 2599 rebus,
1333 2541 1393 2602 pro
1414 2523 1512 2585 altero
1531 2543 1625 2603 paam
1641 2528 1794 2604 pecuniae
1815 2524 1967 2605 obligatio.

272 2641 358 2700 Haec
374 2642 456 2701 enam
475 2642 554 2703 solui
569 2646 673 2720 potest
696 2645 728 2700 et
754 2647 801 2699 ert
827 2640 876 2700 rei
887 2639 1070 2720 familiaria
1086 2639 1217 2719 jactura
1246 2639 1431 2703 tolerabilis:
1457 2639 1641 2720 respublicae
1667 2643 1749 2723 quod
1766 2643 1968 2723 spopondens,

270 2757 522 2837 pmadmndum
541 2757 653 2831 soloas,
673 2755 738 2816 πίει·
756 2757 782 2816 a's
803 2755 933 2836 dependi
945 2757 1052 2838 facile
1064 2760 1200 2837 patitur,
1216 2775 1277 2838 pro
1299 2777 1357 2837 pua
1382 2758 1597 2838 spoponderit?
1628 2761 1684 2822 llic
1709 2761 1802 2840 igitur
1820 2760 1970 2822 Marklan-

269 2872 327 2935 dus
347 2895 377 2954 p.
396 2873 462 2936 tet
485 2873 660 2936 adverbium
671 2873 778 2955 fae-ile
798 2873 877 2936 male
894 2873 1065 2954 appositum
1086 2893 1152 2936 esse
1174 2875 1283 2952 statuit,
1311 2875 1380 2957 quia
1400 2876 1524 2956 perinde
1550 2877 1589 2938 sit
1616 2876 1703 2939 facile
1726 2896 1765 2937 au
1795 2877 1917 2939 difficile
1940 2885 1971 2939 et

270 3009 359 3071 aegre
382 2992 448 3072 quis
468 2991 605 3071 patiatur,
621 2992 784 3054 dummodo
806 2991 936 3072 patiatur
954 2992 1091 3072 dependi.
1133 2992 1174 3055 At
1195 2995 1380 3055 llermannus
1406 3014 1436 3073 p.
1458 2989 1498 3057 tt
1520 2993 1650 3074 disputat
1670 2993 1779 3072 officia,
1803 3015 1877 3077 qnae
1902 2995 1969 3077 quis

273 3117 396 3172 coactns
416 3115 556 3190 praestet,
578 3110 660 3172 omni
687 3110 720 3172 vi
741 3110 908 3192 meritoque
930 3129 1042 3187 carere,
1063 3129 1161 3192 nequa
1184 3111 1260 3173 solvi
1281 3131 1382 3192 posse,
1414 3111 1472 3174 nisi
1490 3111 1565 3173 alter
1584 3111 1634 3173 ille
1654 3120 1823 3193 promptam
1846 3132 1970 3194 operam

271 3243 357 3288 ettam
381 3227 554 3289 exhibuerit.
600 3231 685 3309 Quae
706 3247 768 3292 non
792 3226 864 3290 satis
884 3226 1028 3310 intelligo.
1072 3230 1147 3290 Cum
1166 3249 1223 3310 pro
1249 3229 1370 3290 alterius
1393 3227 1492 3290 animo
1518 3229 1548 3290 in
1568 3229 1785 3310 rempublicam
1805 3249 1859 3291 vas
1879 3230 1970 3307 extiti,

270 3353 322 3406 aut
343 3351 451 3425 sponte
472 3362 527 3406 sua
551 3344 601 3406 ille
624 3346 703 3423 lacit,
734 3344 817 3428 quod
838 3345 987 3407 iacturum
1010 3365 1077 3408 esse
1098 3346 1259 3426 spopondi,
1280 3351 1330 3407 aut
1352 3347 1378 3408 si
1398 3365 1461 3408 non
1484 3347 1555 3407 lacit
1581 3367 1636 3411 sua
1652 3353 1769 3428 sponte,
1789 3347 1906 3409 traduci
1927 3355 1970 3411 ta-

269 3482 339 3526 men
359 3482 392 3524 se
415 3461 446 3522 in
473 3481 540 3525 eum
562 3464 692 3526 animum
711 3463 822 3545 patitur
848 3461 914 3527 ie.
938 3481 1000 3526 non
1021 3461 1108 3524 lacile
1129 3463 1242 3544 patitur
1264 3463 1342 3527 solvi
1367 3463 1578 3544 obligationem
1602 3483 1706 3527 meam.
1760 3465 1822 3527 Sed
1841 3464 1970 3527 solvitur

270 3589 384 3644 tamem
405 3601 467 3643 non
489 3581 624 3660 solvitur,
644 3601 712 3644 cum
731 3601 793 3644 non
813 3579 938 3661 patitur:
975 3585 1077 3643 utrum
1095 3601 1185 3661 aegre
1219 3601 1256 3642 an
1288 3580 1375 3644 facile
1406 3581 1550 3662 patiatur,
1580 3581 1618 3642 ad
1644 3581 1821 3644 solvendum
1849 3582 1969 3664 quidem

270 3701 343 3763 nibil
364 3700 488 3762 interest
504 3699 543 3778 ¹).

397 3817 591 3881 absolvimus
613 3817 773 3880 Hermanni
802 3816 921 3894 librum,
950 3835 988 3878 ex
1019 3834 1080 3898 quo
1100 3815 1255 3896 potissima
1282 3821 1373 3892 certe,
1407 3835 1483 3898 quae
1507 3815 1605 3880 mitius
1633 3822 1715 3878 recte
1733 3817 1882 3897 disputata
1903 3837 1970 3881 esse

273 3937 461 4014 viderentur,
500 3934 705 3999 recensuimus
719 3933 756 4013 ¹).
809 3939 878 4017 Qua
902 3933 1079 3996 recensione
1100 3934 1217 3996 videtur
1244 3935 1303 3996 hoc
1329 3953 1396 3996 esse
1428 3933 1581 4010 effectum,
1615 3939 1649 3996 ut
1669 3935 1762 3997 multa
1783 3935 1877 3996 malae
1905 3933 1971 3998 lati-

422 4135 448 4203 1)
467 4137 521 4188 Alia
538 4137 607 4186 ratio
625 4138 666 4188 est
681 4135 739 4198 eius
757 4135 880 4199 exempli,
895 4133 969 4198 quod
983 4133 1150 4186 dermannus
1169 4133 1252 4197 allart,
1272 4133 1509 4186 commendationis
1529 4131 1593 4197 Epp.
1612 4129 1652 4196 13,
1664 4128 1698 4182 58
1710 4137 1737 4186 et
1749 4129 1790 4196 59,
1809 4133 1855 4184 ubi
1873 4135 1966 4188 Cicero

272 4233 411 4294 praetores
429 4234 511 4294 rogat,
526 4234 556 4279 ut
570 4229 712 4280 lamiliares
733 4229 782 4289 sui,
800 4241 865 4293 puae
882 4241 965 4292 nepae
987 4224 1151 4294 postularint,
1180 4223 1319 4276 taberniae
1340 4223 1502 4294 praetoribus
1517 4223 1659 4292 impetrent.
1697 4225 1736 4277 Ad
1753 4228 1872 4290 ipsorum
1891 4227 1969 4279 lami-

275 4321 380 4373 lian'um
399 4333 514 4380 causam.
534 4325 622 4373 utrum
637 4321 726 4372 invitis
748 4333 781 4370 au
797 4318 950 4370 lubentibus
965 4318 1134 4382 praetoribus
1153 4332 1210 4369 rem
1223 4320 1404 4383 impetrarent,
1422 4317 1483 4368 uibll
1501 4319 1636 4378 intererat,
1654 4320 1682 4369 at
1696 4318 1826 4370 intererat
1842 4321 1876 4371 ad
1896 4321 1968 4371 ami-

274 4417 365 4466 citiam
386 4413 528 4464 Ciceronis.
562 4413 683 4464 Breviter
703 4411 773 4464 addo
800 4412 894 4463 eodem
914 4409 993 4474 hujus
1013 4411 1142 4474 epistolae
1168 4409 1235 4473 loco,
1262 4412 1295 4462 da
1321 4425 1374 4476 quo
1402 4411 1542 4475 superiora
1565 4410 1702 4474 disputata
1727 4415 1798 4473 sunt,
1820 4411 1968 4464 aliudesse

273 4508 360 4559 malae
377 4505 513 4556 latinitatis
532 4507 643 4570 signum.
680 4506 833 4569 Sequuntur
850 4505 921 4555 anim
936 4503 1019 4555 baec:
1043 4500 1149 4552 Videtur
1167 4502 1195 4552 ia
1208 4517 1236 4552 eo
1255 4502 1313 4568 (te.
1327 4501 1486 4570 Octaviano)
1501 4519 1553 4553 erae
1573 4502 1676 4568 indoles,
1694 4502 1739 4553 sed
1753 4501 1872 4568 plexibilis
1889 4511 1967 4556 uetes.

276 4602 340 4662 Quis
359 4611 479 4664 uuquam
494 4597 573 4650 latine
591 4598 706 4650 indolem
727 4597 792 4648 dixit
808 4609 858 4660 pro
876 4593 943 4646 tuna
959 4599 1006 4646 aut
1021 4592 1163 4662 praeclara
1177 4591 1286 4645 indole?

423 4712 453 4781 i)
472 4713 595 4766 Poteram
616 4717 686 4766 onim
706 4715 786 4764 ctiam
806 4713 864 4763 alla.
895 4713 926 4764 tlt
945 4713 1111 4764 Hermannus
1133 4726 1158 4776 p.
1175 4707 1209 4762 37
1229 4725 1282 4762 uon
1303 4713 1445 4776 persuasit,
1466 4713 1532 4764 satta
1548 4712 1628 4764 latina
1647 4727 1707 4765 essa
1725 4713 1793 4765 baec
1812 4714 1836 4762 iu
1855 4712 1968 4776 epistola

277 4813 352 4860 sexte
372 4807 429 4859 libr.
447 4809 482 4858 ll:
499 4821 532 4857 ne
551 4809 656 4858 animi
672 4805 787 4874 partium
807 4802 933 4868 Carraria,
952 4803 1074 4872 quomodo
1094 4803 1171 4854 etiarn
1187 4819 1256 4854 nunc
1270 4809 1358 4872 portet
1377 4799 1551 4870 appellaretur,
1573 4803 1729 4856 retenentes·
1747 4811 1967 4870 commoverentur,

276 4913 355 4966 quem
374 4913 422 4966 ego
441 4901 529 4952 locum
548 4894 796 4962 ebeil.7,1bat
815 4897 877 4952 l’btl.
896 4895 934 4964 13,
950 4895 985 4950 20
1005 4903 1070 4950 extr.
1097 4897 1166 4948 mata
1189 4909 1346 4961 expressum
1366 4909 1426 4948 essa
1446 4900 1543 4960 statuo,
1568 4901 1615 4949 ant
1633 4895 1695 4961 ll‚l
1722 4899 1787 4948 satis
1810 4901 1884 4950 recta
1907 4913 1969 4951 essa

1683 4995 1703 5058 3
